3274 5296
763 453 890 509 GAPVT
919 453 930 508 l

442 625 493 685 21.
518 616 696 704 Caprinum
718 614 877 701 proelium
902 612 991 699 (περὶ
1013 607 1152 700 ἡδονῆς)

442 729 494 788 22.
518 717 695 782 Columnae
717 717 870 782 Herculis
896 714 986 802 (περὶ
1010 713 1120 804 δόξης)

444 829 494 890 23.
520 819 650 907 Cycnus
675 815 765 904 (περὶ
787 819 908 904 ταφῆς)

443 931 494 992 24.
518 922 729 987 Desultorius
754 918 845 1005 (περὶ
869 923 1049 1006 πειρατῶν)

442 1033 493 1096 25.
516 1023 649 1088 Deuioti
672 1019 763 1109 (περὶ
786 1023 989 1104 φιλονικίας)

445 1134 496 1194 26.
516 1115 701 1208 Ἐκατόμβη
726 1120 816 1209 (περὶ
837 1123 987 1209 θυσιῶν)

443 1236 495 1298 27.
518 1226 757 1314 Epitaphiones
783 1223 874 1311 (περὶ
896 1220 1029 1308 τάφων)

442 1337 493 1401 28.
516 1329 579 1394 Est
600 1328 717 1393 modus
739 1327 882 1392 matulae
906 1324 993 1412 (περὶ
1015 1325 1135 1413 μέθης)

321 1497 324 1502 ,
445 1440 496 1501 29.
519 1415 634 1513 Εὗρεν
656 1421 676 1514 ἡ
700 1421 806 1504 λοπὰς
829 1423 866 1494 τὸ
890 1432 988 1512 πῶμα
1012 1426 1103 1514 (περὶ
1126 1425 1375 1513 γεγαμηκότων)

444 1541 495 1604 30.
510 1524 595 1614 ’Έχω
619 1547 656 1596 σε
680 1529 771 1617 (περὶ
794 1529 907 1617 τύχης)
980 1564 983 1570 ·
1210 1535 1216 1548 ⁴

446 1635 497 1704 31.
511 1631 596 1708 Ἕως
618 1627 699 1698 τότε
722 1630 813 1718 (περὶ
836 1623 948 1719 ὡρῶν)

445 1745 496 1808 32.
520 1733 635 1801 Gloria
659 1731 749 1819 (περὶ
771 1733 924 1820 φθόνου)

446 1846 497 1908 33.
520 1831 765 1921 Κοσμοτορύνη
790 1833 880 1923 (περὶ
903 1836 1038 1921 φθοραῖς
1060 1830 1205 1924 κόσμου)

342 1973 347 1984 ·
447 1949 495 2010 34.
519 1939 716 2026 Mareopolis
743 1935 834 2023 (περὶ
857 1931 973 2023 ἀρχῆς)

312 2065 325 2086 ‘
447 2051 497 2112 35.
520 2041 673 2107 Mutuum
695 2042 775 2105 muli
798 2042 937 2107 scabunt
964 2038 1055 2124 (περὶ
1076 2041 1260 2126 χωρισμοῦ)

448 2151 498 2215 36.
523 2143 714 2228 Ootogessis
739 2140 830 2229 (περὶ
851 2139 1083 2228 νομισμάτων)

446 2255 497 2316 37.
521 2245 731 2332 Papiapapae
755 2241 846 2331 (περὶ
868 2243 1057 2330 ἐγκωμίων)

447 2356 497 2418 38.
520 2347 714 2429 Περιτίοῦς
755 2346 863 2431 (libris
901 2348 1029 2412 duobus
1063 2355 1234 2428 constans,
1273 2367 1411 2432 quorum

580 2451 745 2535 posterior
768 2460 818 2515 est
841 2446 917 2531 περὶ
940 2448 1158 2531 φιλοσοφίας)

446 2560 496 2620 39.
519 2550 704 2614 Pseudulus
728 2550 847 2637 Apollo
873 2547 962 2633 (περὶ
984 2550 1077 2613 θεῶν
1099 2541 1325 2635 διαγνώσεως)

445 2660 497 2720 40.
522 2651 681 2716 Serranus
706 2649 797 2734 (περὶ
820 2649 1055 2739 ἀρχαιρεσιῶν)

446 2763 497 2823 41.
523 2750 728 2835 Συνίφηβος
752 2749 843 2839 (περὶ
866 2752 1026 2837 ἐμμονης)

446 2862 498 2924 42.
522 2854 684 2920 Tithonus
710 2851 801 2939 (περὶ
824 2853 949 2943 γήρως)

446 2965 498 3026 43.
526 2955 595 3020 Τοῦ
616 2949 741 3039 πατρὸς
763 2949 801 3020 τό
823 2958 960 3021 παιδίον
984 2953 1074 3041 (περὶ
1097 2956 1324 3040 παιδοποιίας)

447 3068 498 3127 44.
527 3058 704 3141 Τριοδίτης
723 3060 899 3140 τριπύλιος
922 3055 1012 3144 (περὶ
1036 3050 1154 3141 ἀρετῆς
1176 3053 1335 3142 κτήσεως)

448 3169 500 3228 45.
528 3161 719 3240 Τρίφαλλος
742 3158 833 3244 (περὶ
856 3153 1093 3242 ἄρρενότητος)
1443 3151 1446 3157 ’

358 3257 361 3282 ’
446 3271 498 3330 46.
521 3260 652 3326 Vinalia
678 3259 768 3346 (περὶ
791 3255 1028 3346 ἀφροδισίων).

378 3363 461 3427 Cum
490 3371 600 3426 autem
628 3374 775 3429 saturam
803 3364 941 3430 duorum
970 3363 1130 3429 librorum
1157 3363 1192 3426 in
1218 3362 1280 3430 hoe
1301 3363 1410 3428 indice

295 3464 588 3552 deprehendamus,
612 3467 710 3532 etiam
732 3477 799 3532 tres
821 3466 923 3532 libros
940 3458 1086 3530 saturain
1101 3464 1257 3530 habuisse
1272 3453 1340 3531 non
1352 3489 1412 3552 per

295 3591 329 3632 se
352 3567 569 3653 improbabile
591 3578 652 3633 est.
687 3569 783 3649 Quod
804 3569 907 3653 igitur
922 3567 1089 3632 Charisius
1106 3591 1138 3654 p.
1156 3573 1216 3638 189
1232 3568 1412 3632 Varronem

295 3675 338 3733 ‘in
353 3673 410 3732 III
429 3665 503 3751 περὶ
520 3667 751 3752 χαρακτήρων
775 3669 899 3752 laudat,
923 3691 1041 3754 graeca
1063 3669 1276 3756 inscriptione
1298 3678 1412 3732 satura

295 3772 329 3835 ni
351 3769 448 3835 fallor
469 3771 652 3853 indicatur,
681 3795 778 3858 quam
800 3758 928 3837 nomine
952 3782 1080 3837 tantum
1102 3771 1205 3836 altero
1228 3769 1282 3834 ille
1304 3771 1411 3836 breui-

294 3873 371 3938 tatis
389 3873 428 3944 ,in
450 3871 554 3938 titulis
577 3873 674 3937 nimis
698 3873 865 3938 studiosus
889 3873 983 3937 affert
1006 3872 1064 3959 (of.
1086 3882 1196 3937 tamen
1217 3896 1249 3959 p.
1267 3873 1334 3957 44).

447 3984 500 4045 47.
586 3976 602 4039 2
691 3972 782 4056 (περὶ
803 3974 1049 4057 χαρακτήρων).

379 4076 480 4140 Porro
501 4077 587 4140 inter
602 4086 732 4140 saturas
748 4076 821 4141 illas
845 4087 935 4156 ‘quas
956 4083 1013 4140 alie·
1032 4083 1165 4156 ογκίοαε,
1190 4084 1255 4156 ipse
1277 4082 1413 4156 appellat

294 4181 490 4256 Memppeus'
514 4178 636 4264 optimo
658 4178 729 4242 iure
744 4177 912 4242 Vahlenus
937 4200 1048 4242 omnes
1070 4176 1172 4242 libros
1195 4176 1334 4257 rettulit,
1356 4176 1413 4263 qui

295 4279 483 4364 oynioorum
498 4279 696 4345 mentionem
719 4279 754 4342 in
770 4279 983 4364 inscriptione
1005 4277 1129 4343 habent
1152 4278 1208 4362 (of.
1221 4269 1411 4340 ‘lautomiae

296 4389 329 4443 et
347 4369 540 4461 ’Υδροκύων
561 4382 627 4444 iam
649 4382 849 4466 memorati):
