3274 5296
647 463 775 520 CAPV'I
803 466 813 519 l
1244 459 1287 524 45

172 625 250 690 alios
267 663 309 674 —
325 625 432 708 dedit,
456 624 514 690 sed
536 625 571 688 in
594 634 686 691 tanta
707 628 957 713 inscriptionum
979 631 1139 696 trarietate
1162 630 1189 694 si
1204 628 1285 696 talos

172 749 300 814 quoque
324 725 500 813 aliquando
524 727 587 791 sibi
616 727 769 810 indulsit,
803 728 949 794 iocosam
978 730 1024 796 ibi
1052 731 1155 816 magis
1184 728 1285 816 philo·

172 828 349 913 sophorum
371 829 572 893 Graecorum
593 829 811 894 imitationem
833 853 930 918 quam
958 833 1076 896 seriam
1104 832 1286 918 argumenti

172 929 381 996 describendi
404 931 646 996 accurationem
669 953 893 1016 agnoscemus.

255 1032 385 1096 Paucae
407 1055 494 1098 nuno
515 1041 643 1097 restant
670 1033 899 1120 inscriptiones
923 1057 1006 1122 quae
1029 1037 1188 1102 curiosius
1212 1058 1287 1101 exa·

171 1133 345 1198 minandac
374 1144 460 1198 sunt.
510 1134 657 1198 Primum
686 1142 802 1200 ‘satim
825 1141 989 1217 Menippen
1012 1158 1100 1218 quam
1124 1144 1161 1201 de
1182 1141 1288 1214 ¹officio

170 1241 276 1300 martti
296 1242 433 1316 μονίμων
464 1234 605 1323 (Gellius
629 1235 646 1300 I
670 1247 724 1318 17,
750 1239 784 1322 4)
814 1258 887 1302 oum
910 1261 929 1302 a
951 1237 1136 1304 Meroklino
1159 1238 1179 1302 l.
1204 1259 1232 1303 c.
1255 1261 1287 1324 p.

171 1347 231 1408 378
255 1346 288 1400 et
310 1336 460 1402 Vahleno
484 1337 568 1402 coni.
593 1359 624 1422 p.
650 1347 709 1408 193
734 1361 782 1425 sq.
806 1337 893 1404 anal.
915 1338 999 1404 Non.
1024 1362 1055 1426 p.
1080 1349 1119 1410 28
1147 1362 1206 1425 pro
1236 1359 1286 1404 ea-

172 1438 245 1502 dem
268 1439 312 1503 sit
328 1439 555 1525 habitantque
578 1423 692 1519 Εὗρεν
712 1431 733 1522 ἡ
757 1431 861 1514 λοπὰς
883 1432 920 1504 τὸ
943 1439 1057 1524 πῶμα,
1080 1438 1156 1524 περὶ
1179 1445 1288 1522 καθη-

171 1538 303 1606 κόντων
326 1539 393 1603 των
415 1539 654 1623 γεγαμηκότων
678 1541 748 1606 siue
771 1563 803 1606 rr.
823 1539 1042 1625 καθηκόντως
1057 1565 1127 1626 γεγ.
1152 1543 1286 1629 (dequo

170 1643 266 1708 titulo
289 1665 321 1706 u.
345 1641 457 1708 adnot.
487 1641 529 1706 ad
550 1641 635 1706 hanc
658 1645 833 1730 saturam),
863 1643 1030 1712 Vahlenus
1059 1647 1133 1731 ipsa
1161 1665 1288 1730 quoque

170 1744 394 1830 inscriptionis
418 1744 522 1809 uerba
545 1767 565 1808 a
587 1742 694 1810 Gellio
723 1767 740 1808 e
763 1746 890 1830 graecis
919 1769 991 1812 esso
1013 1768 1172 1812 conuersa
1194 1745 1285 1810 dicit.

171 1846 236 1910 Sed
258 1843 333 1910 nolo
357 1843 488 1931 quidem
510 1867 658 1931 premere
681 1869 786 1933 nequa
815 1847 932 1911 barum
960 1848 1209 1934 inscriptionum
1237 1869 1287 1911 ra-

170 1948 291 2013 tionem
317 1945 532 2012 fundamento
555 1946 712 2012 librorum
737 1947 846 2012 ualido
870 1950 929 2012 niti
951 1971 1056 2036 neque
1079 1945 1154 2029 περὶ
1178 1953 1287 2030 καθη-

171 2045 298 2124 κόντως
320 2043 558 2131 γεγαμηκότων
581 2049 730 2132 (alterins
747 2051 833 2114 enim
849 2050 937 2122 illius
953 2051 1173 2138 inscriptionis
1195 2071 1287 2134 grae·

171 2152 305 2217 citatem
321 2149 539 2216 Buechelerus
556 2173 638 2215 mus.
656 2150 768 2236 philol.
785 2152 869 2217 XIV
886 2162 946 2222 452
970 2164 1057 2218 recte
1073 2149 1286 2238 improbauit)

171 2254 255 2318 uerti
270 2252 419 2338 potuisse
434 2252 486 2318 ‘dc
502 2253 611 2316 officio
634 2254 732 2316 mari
742 2253 805 2338 ti’3
829 2253 971 2318 sufficiat
986 2255 1094 2340 potius
1110 2252 1286 2332 monuisse,

172 2353 332 2435 Gellium,
362 2377 457 2441 quem
486 2365 672 2419 saturarum
698 2356 830 2420 nomina
858 2364 1010 2419 accurate
1038 2353 1201 2439 ceteroqui
1224 2363 1287 2416 ret-

170 2455 286 2520 tulisse
310 2455 447 2537 scImus,
476 2456 722 2542 inscriptionem
743 2457 805 2522 hoc
827 2455 898 2522 loco
921 2457 1026 2542 ipsam
1048 2453 1187 2520 reddero
1213 2476 1288 2518 non

171 2558 359 2644 potuisse
395 2555 484 2642 (nam
513 2558 541 2622 si
571 2557 747 2644 potuisset,
782 2557 929 2646 profecto
958 2581 1024 2622 non
1051 2565 1177 2644 partem
1200 2553 1287 2619 tituli

171 2659 338 2732 uertisset,
363 2659 421 2723 sed
442 2661 551 2745 ipsum
574 2668 607 2724 et
629 2659 761 2745 quidem
783 2669 889 2724 totum
911 2659 1130 2745 scripsisset),
1155 2657 1212 2722 scd
1235 2656 1288 2720 de-

172 2761 259 2826 disse
283 2759 371 2848 quod
393 2761 427 2824 in
450 2760 540 2826 fonte
556 2784 614 2827 suo
638 2761 809 2826 Inuenerit.
848 2761 953 2842 Quem
969 2762 1091 2825 fontem
1106 2759 1166 2828 hoc
1182 2759 1289 2844 capite

172 2861 314 2949 aliquem
338 2861 459 2928 librum
481 2860 637 2926 moralem
667 2861 739 2928 dico
767 2863 888 2944 fuisse,
917 2884 976 2928 nec
1005 2861 1141 2926 multum
1170 2884 1190 2924 a
1211 2883 1288 2926 uero

172 2964 418 3045 aberrabimus,
442 2964 471 3027 si
493 2963 650 3028 incertam
673 2963 758 3028 tituli
782 2964 1016 3031 obscuritatem
1039 2987 1112 3028 curn
1135 2972 1289 3026 accurata

172 3067 311 3131 ‘satirae
340 3065 552 3152 Menippeac’
585 3051 749 3131 mentione
781 3066 828 3130 ita
856 3087 1104 3152 componemus,
1137 3076 1174 3130 ut
1206 3065 1290 3130 inter

173 3169 281 3254 capita
305 3166 374 3232 eius
398 3166 474 3260 libri
497 3189 597 3232 unum
620 3167 723 3232 fuisse
746 3171 797 3232 ‘de
819 3172 923 3246 officio
945 3173 1062 3232 martti'
1086 3189 1287 3248 censeamus,
1397 3173 1399 3180 ’

172 3270 205 3332 in
227 3292 292 3356 quo
310 3290 384 3332 curn
401 3267 538 3333 aliorum
560 3269 703 3334 tortasse
725 3267 789 3332 loci
812 3270 1007 3354 scriptorum
1030 3278 1100 3333 tum
1123 3274 1289 3332 ‘Varronis

173 3379 202 3435 tn
216 3378 316 3448 sotira
334 3376 509 3450 Mene'ppea’
533 3369 671 3436 alicuius
695 3371 862 3457 praecepti
884 3369 1046 3456 probandi
1068 3392 1168 3432 causa
1190 3369 1289 3454 positi

172 3474 304 3538 fuerint.
348 3472 470 3536 Vtrum
492 3471 593 3556 igitur
620 3472 838 3557 fragmentum
866 3470 914 3535 illi
938 3481 1068 3536 saturae
1090 3492 1132 3532 an
1153 3467 1289 3534 cuilibet

173 3573 226 3638 ulli
249 3574 293 3640 sit
315 3572 581 3656 adscribendum,
606 3574 640 3638 id
656 3597 696 3638 ne
711 3572 887 3637 coniectari
910 3571 1042 3658 quidem
1055 3592 1141 3636 nune
1156 3569 1288 3656 poterit.

174 3675 303 3741 Deinde
325 3679 445 3740 ‘Varro
467 3681 505 3740 de
523 3682 717 3740 nomismatis’
740 3675 942 3739 aPrisciano
965 3673 986 3739 l.
1009 3672 1059 3737 VI
1081 3697 1113 3760 p.
1137 3681 1198 3743 209
1221 3671 1289 3737 lau·

176 3777 283 3860 datus,
308 3799 380 3840 curn
404 3777 622 3862 fragmentum
643 3776 690 3843 ibi
713 3778 857 3864 positum
881 3776 920 3840 de
942 3773 1027 3840 libro
1050 3775 1154 3840 seriae
1171 3774 1289 3839 doctri-

175 3901 234 3944 nae
261 3879 406 3964 cogitare
428 3902 494 3944 non
510 3879 607 3960 sinat,
632 3878 673 3942 ad
695 3879 906 3964 Octogessom
930 3889 1075 3943 saturam
1099 3875 1289 3940 referendus

176 3989 233 4062 est,
256 3981 349 4044 cuius
366 3979 503 4044 alteram
519 3980 764 4066 inscriptionem
780 3976 855 4059 περὶ
872 3972 1086 4062 νομισμάτων
1101 3975 1288 4040 Priscianus

176 4081 245 4148 siue
268 4081 323 4168 qui
346 4083 376 4146 ei
399 4093 513 4146 auctor
536 4090 607 4146 erat
633 4081 697 4144 iarn
727 4079 874 4144 additam
901 4079 1027 4162 inuenit
1056 4089 1088 4144 et
1115 4116 1158 4127 -
1185 4099 1290 4164 parua

177 4184 260 4246 enirn
283 4177 413 4248 omnino
441 4182 528 4248 illius
557 4185 591 4246 in
619 4182 886 4267 inscriptionibus
910 4179 992 4244 fides
1016 4188 1129 4244 est-
1151 4178 1288 4243 latinum

177 4283 208 4346 in
237 4307 418 4350 sermonem
445 4286 562 4368 uertit3
595 4285 638 4350 of.
662 4283 820 4350 Ochlerus
849 4305 880 4368 p.
904 4291 955 4351 74.
990 4279 1192 4346 Mercklinus
1215 4278 1236 4346 l.
1260 4302 1287 4344 c.

180 4393 235 4457 377
258 4408 307 4472 sq.
341 4395 373 4450 ct
397 4385 510 4473 philol.
533 4386 623 4452 XIII
645 4397 716 4457 717.
761 4385 864 4450 Porro
887 4383 1100 4470 Philargyrus
1130 4383 1165 4446 in
1187 4383 1288 4468 Vorg.

290 4625 315 4672 ἱ
