3274 5296
319 450 361 515 52
796 457 923 512 CAPV'P
945 457 956 511 I

320 618 515 700 illustratur,
539 619 630 682 cuius
652 620 718 696 iam
740 641 824 683 unus
841 618 931 684 locus
956 618 1025 703 (ΙΙΙ
1048 627 1099 701 16,
1125 619 1178 704 13)
1202 623 1304 685 ‘bodie
1319 642 1437 700 quoque

319 730 350 786 r'n
373 732 481 786 saturo
498 723 584 796 forte
607 727 651 785 M.
682 727 832 786 Varronis
853 728 990 800 leoimos’
1020 744 1090 808 sqq.
1113 721 1299 809 Roeperum
1322 722 1436 790 debuit

320 823 502 905 dehortari,
531 846 571 887 ne
599 833 729 888 saturas
745 825 848 909 ,ipsas
879 846 898 887 a
921 822 1028 889 Gellio
1050 846 1217 910 nunquam
1238 824 1341 890 lectas
1364 847 1436 890 esse

318 924 431 1012 philol.
449 926 501 990 IX
516 933 578 995 225
601 927 711 1012 inepte
734 925 956 992 contenderet.
1001 924 1217 991 Grammatici
1239 935 1347 991 autem
1362 949 1435 992 cum

318 1026 400 1092 alios
425 1028 467 1093 ob
491 1049 606 1092 causas
631 1050 704 1092 eum
726 1027 930 1108 lectitabant,
954 1035 1022 1091 tum
1039 1036 1074 1092 ut
1088 1028 1192 1093 uerba
1214 1027 1362 1094 obsoleta
1383 1027 1435 1093 uel

303 1128 576 1214 'significationes
599 1131 777 1196 uerborum
798 1128 947 1195 insolitas
970 1128 1061 1193 uelut
1083 1153 1100 1194 e
1122 1130 1274 1196 thesauro
1304 1131 1433 1217 opulen-

315 1232 442 1298 tissimo
469 1231 547 1296 inde
575 1233 806 1319 conquirerent
840 1231 1005 1317 (difficilia
1034 1233 1079 1317 eis
1107 1231 1277 1298 intellectu
1296 1233 1434 1298 infuisse

318 1332 465 1400 eGellio
490 1333 579 1400 XIII
602 1343 639 1405 31
670 1334 839 1420 discimus)
870 1356 972 1420 eaque
1000 1334 1033 1396 in
1056 1333 1223 1419 glossariis
1253 1337 1319 1400 suis
1343 1336 1433 1400 uario

316 1436 413 1502 modo
442 1435 601 1500 institutis
632 1446 878 1523 componerent;
912 1434 971 1500 sed
1000 1446 1032 1500 et
1059 1436 1147 1523 ipsas
1179 1447 1309 1502 saturas
1333 1436 1433 1523 expli-

318 1537 416 1602 candi
439 1559 539 1602 causa
562 1539 802 1604 commentariis
826 1538 1054 1602 instruxerunt
1074 1538 1249 1622 breuibus,
1274 1563 1291 1604 e
1314 1538 1432 1626 quibus

316 1637 446 1722 glossae
459 1651 593 1724 'paucae
615 1663 699 1726 quae
720 1641 755 1703 in
776 1640 879 1705 uerba
892 1639 1051 1704 Varronis
1074 1641 1246 1727 irrepsere,
1268 1639 1433 1728 profectae

315 1739 471 1804 uidentur
487 1740 543 1825 (cf.
556 1740 688 1826 Agatho
702 1741 743 1805 V.
767 1741 844 1806 Dol.
857 1751 922 1806 aut.
940 1764 1003 1806 ser.
1019 1742 1045 1808 I.
1070 1741 1239 1830 Sesqucul.
1252 1743 1296 1807 X.
1314 1742 1432 1826 Sexag.

316 1842 362 1906 ΙΙ.
379 1842 472 1906 XIV.
500 1834 595 1925 Ταφὴ
618 1847 706 1907 Μεν.
724 1843 768 1906 X.
797 1843 935 1907 Eumen.
951 1842 1133 1930 XXVIII).
1178 1845 1233 1908 Ex
1254 1846 1304 1909 his
1327 1866 1431 1930 gram·

316 1943 510 2009 maticorum
533 1944 776 2010 Antoninianae
799 1946 917 2009 aetatis
942 1944 1104 2010 thesauris
1128 1947 1327 2012 omniafere
1350 1946 1432 2011 deri-

315 2056 394 2109 uata
416 2054 493 2109 sunt
507 2069 590 2132 quae
606 2045 704 2112 hodic
719 2046 969 2132 Menippearum
985 2035 1171 2132 fragmenta
1187 2058 1312 2114 extant.
1345 2047 1432 2112 Hinc

316 2147 484 2212 Charisius
500 2146 678 2212 Diomedes
695 2148 884 2212 Priscianus
908 2150 1114 2232 grammatici
1137 2149 1193 2213 alii
1216 2174 1274 2216 suo
1297 2150 1432 2237 quisque

315 2250 411 2314 modo
432 2249 592 2335 pendent3
615 2249 707 2333 hinc,
724 2250 814 2336 quod
830 2273 990 2316 summum
1007 2261 1073 2335 est,
1095 2252 1221 2316 Nonius
1242 2251 1430 2333 Marcellus,

315 2351 549 2435 grammaticus
573 2351 688 2418 'Gellio
717 2350 884 2438 aliquanto
913 2353 1076 2419 recentior
1110 2353 1315 2440 compilando
1350 2376 1430 2440 opus

316 2475 409 2516 suum
425 2453 606 2540 composuit
622 2453 709 2538 quod
723 2452 821 2539 longe
836 2453 1011 2541 plurimam
1025 2454 1284 2540 fragmentorum
1305 2465 1432 2542 partem

315 2555 471 2620 continet.
517 2555 571 2619 Ex
593 2553 649 2621 illo
673 2557 760 2620 enim
782 2579 878 2643 quem
906 2580 938 2643 p.
962 2565 1004 2625 44
1032 2556 1137 2646 adtuli
1164 2568 1343 2645 conspectu
1369 2558 1431 2622 hoc

315 2655 432 2738 elucet,
455 2657 575 2742 partim
593 2655 737 2720 Gellium
758 2656 926 2744 librosque
949 2660 1018 2722 eius
1043 2658 1176 2742 similes,
1199 2660 1319 2746 partim
1341 2661 1429 2747 ipsos

314 2757 490 2842 scriptores
525 2757 675 2844 antiquos
705 2759 946 2823 commentariis
974 2761 1151 2825 instructos
1188 2765 1276 2844 (nam
1305 2762 1444 2826 Nonius.

314 2857 446 2945 quidem
473 2857 638 2924 indoctior
664 2859 743 2942 fuit,
771 2883 868 2946 quam
896 2862 953 2948 qui
975 2860 1209 2948 explicationes
1233 2863 1275 2929 ab
1298 2884 1335 2927 eo
1358 2885 1429 2949 pro-

313 2959 397 3025 latas
421 2961 492 3046 ipse
515 2961 709 3048 inueniret),
733 2963 854 3048 partim
876 2962 1038 3048 glossaria
1062 2965 1213 3050 (quorum
1235 2988 1336 3030 unum
1358 2988 1429 3052 rep-

313 3061 383 3148 peri
407 3061 494 3147 quod
516 3063 620 3128 uerba
642 3087 662 3127 a
677 3065 834 3129 scaenicis
856 3063 1016 3147 adhibita,
1040 3064 1240 3154 alterumque
1262 3067 1350 3153 quod
1373 3066 1428 3130 ad·

311 3161 428 3228 uerbia
454 3171 581 3229 tautum
611 3166 785 3253 continuit)
820 3189 840 3230 a
867 3166 973 3231 Nonio
1002 3178 1160 3254 usurpata
1189 3191 1270 3233 esse.
1316 3169 1428 3234 Tertio

313 3264 444 3330 saeculo
467 3264 583 3330 harum
604 3265 790 3332 litterarum
813 3291 903 3332 amor
925 3270 1188 3334 rursus'euanuit
1203 3271 1428 3357 Varronisque

312 3378 444 3432 saturae
466 3368 500 3430 in
515 3368 667 3432 tenebras
689 3379 905 3452 recesserunt,
930 3379 962 3434 et
977 3380 1107 3456 praeter
1123 3370 1348 3454 Censorinum,
1372 3372 1428 3458 qui

304 3469 537 3534 'Varronianae
561 3469 729 3536 doctrinae
751 3494 870 3556 praeco
894 3472 993 3536 etiam
1008 3481 1136 3539 saturas
1153 3497 1351 3561 quamquam
1372 3495 1428 3537 nc-

227 3588 229 3593 ·
311 3569 398 3633 mine
425 3593 586 3656 nusquam
613 3571 739 3658 prolato
763 3573 798 3636 in
818 3597 914 3638 usum
937 3597 1032 3638 suum
1054 3576 1192 3640 uertisse
1214 3577 1347 3642 uidetur
1369 3576 1426 3661 (cf.

311 3693 343 3756 p.
368 3673 439 3758 27),
462 3673 520 3734 uni
549 3674 688 3738 fortasse
711 3674 874 3738 Martiano
903 3674 1058 3762 Capellae
1086 3686 1182 3742 notus
1211 3687 1299 3760 erat,
1334 3679 1427 3742 cuius

311 3794 392 3858 opus
416 3782 449 3836 et
471 3775 596 3838 ‘satira’
624 3775 819 3862 inscriptum
843 3786 875 3840 ct
896 3799 995 3863 prosa
1016 3779 1231 3866 uersibusque
1255 3781 1427 3845 confusum

311 3884 375 3956 est,
409 3896 604 3959 quamquam
633 3899 716 3962 quae
744 3875 875 3962 quidem
903 3879 1095 3944 Krahnerus
1126 3881 1167 3944 de
1188 3879 1286 3945 Varr.
1309 3880 1426 3968 philos.

309 3998 342 4061 p-
365 3984 406 4045 22
435 3976 475 4040 de
497 3987 654 4064 usurpato
683 3978 717 4042 in
739 3968 823 4046 libro
854 3977 894 4043 de
915 3974 1141 4070 musica'Dvp
1164 3979 1270 4065 λύρας
1300 3983 1426 4065 statuit,

310 4099 349 4141 ea
371 4099 445 4141 cum
466 4101 507 4142 ne
528 4101 595 4142 una
619 4077 751 4165 quidem
779 4082 868 4167 apud
890 4092 1064 4169 utrumque
1086 4085 1209 4170 pariter
1232 4084 1426 4170 scriptorem

310 4181 471 4243 sententia
504 4180 704 4262 inueniatur,
738 4204 943 4269 nequaquam
975 4195 1064 4250 certa
1093 4195 1192 4257 sunt„
1235 4185 1425 4253 Macrobius

309 4301 437 4364 quoque
460 4281 515 4366 qui
530 4304 605 4346 raro
627 4292 755 4347 saturas
771 4284 875 4365 affert,
899 4306 972 4348 cum
993 4293 1119 4370 partem
1141 4286 1258 4352 horum
1280 4286 1426 4353 locorum

310 4377 417 4445 Gellio
447 4381 580 4464 debeat,
610 4381 746 4448 alteram
775 4406 903 4470 quoque
927 4409 990 4450 non
1013 4409 1056 4450 ex
1077 4387 1149 4472 ipso
1173 4389 1323 4453 Varrone
1346 4389 1424 4453 hau-
