3274 5296
663 491 787 549 GAPVT
817 493 827 548 l
1264 487 1304 550 51

189 664 298 722 autem
314 655 473 721 obscurae
487 655 665 720 manebant
688 665 722 719 et
736 654 950 721 absconditae
973 665 1005 720 et
1027 675 1086 741 per
1110 664 1216 720 totum
1238 677 1306 719 sae·

189 757 296 823 culum
318 757 460 844 primum
481 780 513 844 p.
531 755 608 822 Chr.
630 757 797 822 rarissime
814 757 1148 842 commemorantur.¹)
1182 757 1306 823 Seneca

189 860 319 948 quidem
337 851 668 923 Ἀποκολοκυντιόσει
691 881 760 941 sua,
790 881 886 945 quam
914 859 1050 924 satiram
1078 858 1154 924 libri
1184 882 1307 925 nuncu-

187 972 283 1048 pant,
312 959 512 1026 Varroniani
540 959 670 1046 generis
699 960 839 1026 formam
867 970 1037 1026 externam
1066 961 1306 1048 quodammodo

187 1063 338 1128 imitatur
360 1062 537 1149 praecipue
559 1062 774 1148 inscriptione
797 1061 906 1128 faceta
930 1073 962 1129 et
989 1063 1135 1148 pedestri
1158 1086 1306 1129 sermone

187 1187 262 1230 cum
284 1165 435 1230 uersibus
458 1164 561 1230 mixto
588 1165 815 1252 (Menippeum
837 1174 945 1230 autem
967 1187 1089 1236 nomen,
1106 1165 1149 1230 ab
1172 1189 1211 1230 ea
1233 1161 1306 1231 olis·

186 1266 357 1332 tinendum
379 1287 451 1330 esse
473 1288 505 1354 p.
531 1275 570 1338 19
593 1287 641 1353 sq.
664 1267 912 1353 monstraui);²)
942 1266 1000 1330 sed
1022 1267 1050 1331 is
1072 1289 1156 1332 unus
1180 1268 1308 1353 estqui

187 1367 347 1434 Varronis
365 1379 493 1433 saturas
517 1367 570 1432 uel
593 1367 735 1434 fortasse
757 1367 860 1433 nouit.
904 1367 1048 1432 Plinium
1072 1369 1129 1452 (H.
1145 1369 1186 1433 N.
1203 1368 1306 1456 praef.

189 1471 260 1556 24),
284 1470 342 1557 qui
364 1471 474 1535 omnia
496 1479 721 1558 perscrutatus
745 1479 810 1552 ost,
833 1469 1063 1556 inscriptiones
1087 1469 1169 1535 duas
1192 1471 1307 1536 horum

190 1571 349 1639 librorum
371 1572 535 1659 proferre,
564 1594 630 1638 non
651 1571 790 1638 multum
811 1570 918 1656 ualet3
950 1571 1175 1652 Quintilianus
1199 1582 1308 1638 autem

189 1676 234 1762 (u.
250 1697 283 1762 p.
301 1677 355 1756 16)
379 1684 507 1739 saturas
530 1674 589 1738 uix
609 1674 765 1760 inspexit,
790 1682 877 1738 certe
891 1696 958 1739 non
974 1684 1127 1740 accurate
1142 1675 1307 1759 cognouit.

188 1777 268 1840 Eius
285 1786 397 1840 autem
412 1785 558 1863 tempore
573 1797 661 1840 noua
675 1775 859 1840 litterarum
873 1775 1047 1840 latinarum
1063 1788 1153 1842 actas
1169 1777 1305 1863 incepit:

188 1881 253 1943 iam
276 1888 370 1944 erant
392 1883 512 1959 ‘quibas
532 1884 702 1958 eloquentia
724 1883 839 1955 Aufidii
853 1882 946 1943 Bassi
965 1889 1019 1944 aar
1033 1881 1160 1944 Seruilii
1173 1883 1310 1944 Noniani

189 2003 227 2047 ea
253 1987 485 2061 comparatione
510 1983 656 2046 Sisennae
684 1991 738 2045 nat
772 1987 922 2046 Varronis
955 1985 1069 2046 sordet’
1104 1981 1200 2068 (Tac.
1231 1979 1307 2045 dial.
1396 1995 1399 2002 '

189 2105 215 2148 c.
246 2082 321 2167 23),
354 2083 420 2146 iam
453 2081 499 2146 M.
527 2080 680 2147 Valerius
714 2083 843 2150 Probus
876 2091 1081 2147 uetrrstorum
1114 2083 1308 2170 scriptomm

189 2207 332 2252 amorem
348 2184 524 2266 excitabat,
547 2192 585 2247 ut
607 2189 772 2248 ‘contemni
788 2190 944 2264 macieque
959 2189 1121 2264 obprobrio
1142 2190 1309 2262 tepentibus

189 2309 278 2368 qaam
304 2293 428 2367 pieriae
455 2297 484 2350 et
506 2289 629 2364 frantia
653 2293 728 2349 erse’
764 2285 867 2370 (Suet.
892 2285 933 2350 de
955 2307 1093 2370 gramm.
1117 2307 1145 2349 c.
1169 2286 1224 2372 24)
1254 2285 1308 2348 de-

189 2389 348 2455 sinerent:
383 2387 555 2453 Hadriano
587 2386 728 2473 denique
756 2386 954 2472 imperante,
990 2386 1045 2473 qui
1075 2385 1172 2452 foedo
1202 2384 1309 2450 adhuc

188 2491 329 2577 neglecti
360 2502 470 2571 erant,
504 2489 646 2576 primum
673 2490 708 2552 in
730 2487 953 2554 Romanorum
981 2487 1099 2554 studiis
1122 2487 1229 2553 locum
1252 2488 1307 2553 ob-

188 2595 325 2659 tinuere.
381 2593 475 2657 Tunc
493 2591 695 2678 Menippeae
729 2613 857 2678 quoque
890 2612 956 2655 non
989 2588 1101 2656 sedule
1134 2598 1261 2656 tautum
1290 2611 1309 2652 a

188 2694 409 2781 grammaticis
433 2693 677 2776 lectitabantur,
702 2694 761 2759 sed
782 2694 818 2756 in
841 2694 985 2758 omnium
1001 2715 1056 2758 ore
1072 2693 1306 2775 uersabantur3

172 2800 231 2863 cf.
255 2797 383 2866 Gellius
411 2795 501 2862 XIII
524 2805 575 2866 31.
631 2795 725 2877 Quae
758 2818 827 2878 res,
862 2817 935 2860 cum
963 2796 1163 2862 Frontonem
1197 2816 1309 2858 carum

188 2899 313 2964 nullam
343 2899 453 2964 facere
475 2898 690 2980 mentionem,
719 2898 785 2961 nisi
806 2897 864 2964 ubi
887 2919 907 2962 a
930 2895 1038 2962 Gellio
1060 2896 1149 2962 XIII
1171 2904 1212 2967 29
1243 2919 1308 2962 scr·

188 3003 357 3069 mocinans
380 2999 562 3078 inducitur,
587 3000 666 3064 satis
689 2999 807 3064 mirum
830 3000 882 3083 sit,
907 2997 1007 3064 Gellii
1022 2997 1171 3086 exemplo
1188 2997 1309 3085 optime

275 3263 300 3328 1)
319 3261 365 3313 Nil
384 3277 453 3312 sane
470 3259 516 3310 hic
534 3260 635 3324 refert,
661 3259 733 3324 quod
751 3259 936 3309 Terentianus
954 3259 1067 3308 Maurus
1090 3259 1207 3308 metrica
1226 3273 1308 3322 quae-

190 3349 251 3399 dam
272 3365 286 3398 e
306 3348 394 3398 satira
412 3346 486 3396 hanc
505 3349 592 3395 artem
610 3348 750 3394 tractante
771 3345 922 3408 excerpsit;
942 3359 1022 3408 quarn
1042 3343 1127 3392 fuisse
1145 3339 1308 3392 Κννοὸιᾶα-

190 3428 325 3486 σκαλιιιόν
353 3448 385 3481 ex
410 3431 494 3482 Atilio
513 3431 715 3481 Fortunatiano
743 3429 935 3494 comperimus,
964 3427 1009 3492 qni
1028 3426 1123 3478 eadem
1142 3426 1218 3478 dicit.

275 3515 305 3583 2)
327 3517 374 3568 Sic
392 3516 537 3566 Petronius
561 3530 669 3581 quoque
692 3516 720 3564 in
744 3514 807 3563 fuss
824 3513 984 3562 narratione
1008 3525 1057 3562 sua
1076 3511 1120 3561 cui
1138 3509 1234 3559 itidem
1253 3515 1308 3560 ‘sa-

190 3606 315 3655 tIrarum'
343 3618 443 3654 nomen
469 3601 586 3652 inditum
616 3605 671 3664 est,
699 3603 843 3664 utrumque
867 3611 1020 3648 sermonem
1045 3596 1231 3658 commiscuit;
1261 3594 1309 3644 sed

190 3690 394 3741 Varronisnam
417 3688 602 3738 imitationem
626 3686 655 3734 in
678 3701 760 3751 opere
787 3685 948 3749 ceteroquin
970 3686 1114 3748 tantopere
1140 3680 1174 3731 sb
1194 3679 1251 3730 illis
1270 3680 1308 3730 di-

189 3791 269 3826 uerso
284 3775 374 3824 minus
388 3773 471 3824 etiam
491 3788 571 3838 quam
592 3770 663 3836 apud
677 3769 811 3820 Senecam
832 3769 1015 3836 agnoscimus.
1048 3767 1149 3818 Versus
1162 3771 1310 3831 practerea

190 3861 379 3922 inseruerunt,
402 3861 433 3907 nt
454 3857 575 3907 breuiter
597 3855 649 3905 hoc
673 3855 808 3920 indicem,
832 3854 978 3922 Apuleius,
1003 3852 1159 3902 Martianus
1183 3849 1308 3916 Capella,

190 3945 335 4004 Boethium
354 3942 480 4008 Aquilius
498 3941 617 3992 Seuerus
637 3939 684 4003 (cf.
705 3939 889 4004 Hieronymus
908 3939 941 3990 de
961 3937 1028 3987 uiris
1047 3935 1087 3988 ill.
1108 3951 1131 3986 c.
1150 3937 1197 3984 111
1217 3935 1309 3999 ‘Aqui-

191 4032 238 4081 lius
256 4029 368 4080 Senam
386 4029 413 4077 in
431 4027 564 4092 Hispania
587 4051 620 4060 -
644 4027 784 4089 cornposar't
802 4023 1009 4093 nutrimenrqaasi
1025 4011 1215 4082 ὁδοιπορικόν
1234 4021 1311 4068 totius

190 4115 341 4164 accersitae
364 4096 456 4163 statarii
479 4113 610 4163 continens
633 4116 693 4160 iarn
717 4125 818 4174 prosa
846 4126 932 4174 qrrnrn
955 4103 1102 4156 uersibus
1131 4101 1229 4168 (τοῦτο
1256 4098 1310 4169 μὲν

191 4191 401 4264 καταλογάδην,
421 4193 504 4248 τοῦτο
523 4190 555 4248 δὲ
574 4192 624 4248 nal
642 4189 733 4262 μέτρῳ
753 4185 865 4259 ἡρωϊκῷ
885 4191 1034 4257 Sophronii
1053 4188 1166 4252 uersio),
1179 4191 1248 4254 qaod
1265 4205 1309 4240 ao·
1401 4202 1403 4208 ’

192 4285 258 4334 cauit
275 4274 479 4348 καταστροφήν
496 4283 551 4332 siae
569 4285 687 4346 πεῖραν,
712 4287 737 4330 ei
753 4279 798 4329 snb
821 4278 1000 4328 Valentiniano
1019 4275 1100 4325 obita’
1137 4274 1309 4338 Quamquam

193 4368 243 4420 hoc
261 4384 368 4435 quoquc
386 4367 431 4418 his
449 4368 542 4418 uerbis
560 4371 651 4434 potest
668 4365 799 4428 indicari,
818 4363 886 4413 duas
905 4377 966 4413 eum
984 4361 1161 4411 recensiones
1181 4360 1309 4422 edidisse,

195 4459 308 4510 alteram
326 4460 495 4525 pedestrem,
514 4453 658 4504 metricam
677 4450 814 4514 alteram).

1065 4536 1108 4601 4*
