3326 5304
347 432 389 498 80
816 438 944 495 CAPVT
974 438 996 495 ll

430 603 545 667 Finem
566 602 642 666 huic
671 601 772 688 capiti
793 602 958 688 imponam
980 610 1084 665 metra
1107 601 1225 686 quibus
1248 602 1356 668 Varro
1383 623 1462 666 usus

347 714 397 769 est
418 705 614 769 recensendo
637 725 783 789 quasque
809 705 844 767 in
872 705 918 768 eis
948 702 1013 768 sibi
1034 699 1122 788 leges
1148 704 1344 790 imposuerit
1365 726 1463 790 quam

345 806 540 872 breuissime
573 802 812 891 perlustrando.
868 803 930 869 cui
963 805 1010 868 rei
1043 814 1076 868 et
1108 803 1254 869 breuitas
1288 804 1464 870 multorum

346 908 620 992 fragmentorum,
657 929 722 993 qua
755 906 889 971 iambici
915 907 1058 970 maxime
1085 915 1119 970 et
1155 905 1313 970 trochaici
1344 929 1462 972 uersus

345 1030 412 1074 non
434 1009 514 1074 satis
538 1007 682 1072 discerni
703 1018 857 1094 possunt,
886 1029 960 1071 cum
987 1008 1118 1072 initium
1147 1029 1262 1072 uersus
1291 1019 1349 1074 aut
1376 1009 1464 1074 absit

345 1119 403 1175 aut
425 1110 483 1175 ubi
505 1109 549 1173 sit
570 1110 747 1190 nesciatur,
771 1119 804 1173 et
825 1109 945 1173 misera
959 1108 1185 1174 Nonianorum
1207 1108 1367 1175 librorum
1389 1132 1462 1175 con-

346 1212 443 1294 dicio,
467 1233 532 1298 qua
552 1224 708 1276 uersuum
731 1219 840 1296 partes
864 1209 1015 1297 supplere
1038 1232 1136 1296 saepe
1151 1211 1307 1295 cogimur,
1323 1209 1463 1276 multum

347 1313 458 1379 obstat
482 1323 635 1378 accurate
649 1311 879 1399 perficiendae,
902 1333 1007 1398 neque
1030 1311 1151 1376 desunt
1172 1311 1358 1396 fragmenta
1380 1333 1463 1399 quae

345 1414 477 1479 nonnisi
509 1413 749 1478 infirmissimus
776 1423 910 1500 propter
938 1435 1064 1501 causas,
1088 1411 1187 1477 alicui
1216 1423 1320 1479 metro
1351 1411 1463 1478 addidi

345 1517 566 1601 paenitentiae
587 1515 719 1581 futurae
740 1537 845 1602 paene
867 1526 990 1599 cerurs5
1014 1537 1112 1600 quarn
1144 1515 1264 1579 malam
1285 1515 1462 1596 fortunam,

346 1639 420 1682 oum
443 1617 485 1681 ab
507 1617 570 1680 hac
583 1617 721 1681 materia
736 1639 803 1682 non
823 1618 930 1703 possit
945 1617 1072 1700 abesse,
1089 1639 1148 1681 our
1161 1617 1295 1683 tandem
1317 1617 1464 1681 confiteri

346 1717 490 1804 pudeat?
525 1717 599 1782 Hoc
618 1727 727 1782 tamen
750 1740 825 1782 cum
845 1718 1044 1784 Buechelero
1066 1740 1098 1805 p.
1116 1727 1177 1789 428
1199 1741 1219 1782 a
1238 1717 1345 1783 Nonio
1364 1716 1462 1784 libra·

345 1821 467 1905 riisque
482 1819 552 1884 eius
568 1841 674 1903 arose,
696 1829 770 1884 eum'
785 1820 887 1886 uerba
903 1821 1000 1907 saepe
1016 1843 1189 1907 perperam
1210 1819 1462 1907 transposuisse,

346 1942 421 1984 oum
442 1930 571 2006 praeter
592 1919 734 1986 leuicula
756 1922 918 2006 quaedam
940 1921 1047 2008 (uelut
1067 1922 1164 1988 Eum.
1179 1922 1268 1987 XXI
1288 1945 1323 2007 p.
1337 1928 1378 1991 26
1402 1927 1462 1985 ‘ur'-

346 2028 468 2086 dentur'
490 2043 563 2104 esse,
579 2045 611 2108 p.
628 2032 688 2093 149
711 2027 785 2088 ‘esse
805 2022 990 2107 uidentur')
1012 2009 1194 2089 traiciendb
1210 2023 1289 2087 mihi
1304 2039 1463 2110 nusquam

346 2145 428 2209 opus
450 2122 563 2206 fuerit,
585 2144 649 2210 quo
666 2122 794 2188 demum
815 2147 930 2190 uersus
952 2126 987 2188 in
1001 2125 1193 2210 fragmentis
1208 2125 1343 2212 poeticis
1358 2123 1462 2188 iustos

346 2224 561 2290 instituerem.

432 2326 587 2393 Omnium
624 2326 726 2411 igitur
768 2327 959 2413 saepissime
995 2329 1101 2394 Varro
1138 2327 1290 2394 adhibuit
1325 2338 1464 2393 metrum

347 2428 563 2494 iambicum
586 2428 805 2510 senarium,
829 2451 893 2516 quo
910 2437 949 2499 78
965 2429 1151 2514 fragmenta
1171 2439 1326 2496 constant
1347 2451 1462 2495 uersus

346 2529 547 2597 continentia
573 2528 647 2615 plus
676 2536 752 2612 150,
786 2552 926 2617 quorum
953 2541 1063 2596 tamen
1083 2532 1134 2596 his
1157 2543 1255 2619 caput
1283 2531 1376 2596 deest
1396 2529 1462 2594 illis

347 2631 464 2696 cauda.
513 2631 568 2700 Ex
594 2640 687 2717 parte
715 2631 840 2697 minore
869 2631 999 2697 Graeca
1026 2642 1104 2697 sunt
1129 2633 1303 2698 seueritate
1336 2655 1463 2718 compo-

347 2732 436 2814 siti1)
448 2779 457 2814 ,
481 2753 580 2819 quam
601 2731 708 2797 Varro
732 2741 765 2796 et
786 2732 934 2799 Catullus
957 2735 1180 2800 Romanorum
1208 2735 1345 2802 senariis
1367 2735 1465 2820 primi

346 2831 527 2897 intulerunt
550 2832 596 2918 (u.
618 2833 656 2896 L.
679 2832 857 2899 Muellerus
879 2857 912 2921 p.
930 2837 1017 2923 107),
1041 2847 1078 2902 ut
1100 2859 1120 2900 a
1141 2837 1276 2923 paribus
1299 2836 1462 2924 spondeus

347 2932 500 2999 exclusus
531 2934 590 3017 sit,
623 2934 659 2998 in
686 2934 788 3001 multo
817 2934 966 3022 pluribus
993 2937 1183 3002 Italicorum
1211 2960 1364 3003 uersuum
1386 2937 1463 3022 (hoc

346 3037 475 3101 nomine
497 3046 573 3101 utor
596 3059 616 3099 a
637 3034 794 3102 Muellero
822 3060 854 3123 p.
878 3049 938 3107 411
961 3039 1109 3127 inuento)
1137 3039 1304 3104 licentiam
1325 3059 1463 3124 usurpa-

346 3138 396 3203 uit
418 3137 580 3224 spondeos
603 3136 656 3202 uel
677 3160 736 3224 pro
765 3139 812 3202 eis
836 3139 986 3226 dactylos
1015 3151 1253 3229 anapaestosue
1280 3139 1463 3228 promiscue

346 3238 509 3327 ponendo.
540 3239 654 3325 Neque
677 3238 794 3306 desunt
815 3263 970 3305 uersuum
992 3243 1093 3308 series
1108 3243 1209 3308 medii
1224 3243 1394 3308 cuiusdam
1408 3262 1463 3326 ge-

346 3342 449 3420 neris,
480 3364 564 3427 quae
593 3363 742 3406 seueram
769 3342 813 3408 ad
839 3365 988 3407 normam
1015 3355 1152 3411 exactae
1182 3368 1247 3410 uno
1270 3353 1397 3410 tantum
1418 3343 1463 3407 al-

346 3454 458 3508 teroue
481 3442 552 3508 loco
575 3445 617 3508 ab
641 3465 680 3508 ea
702 3443 902 3526 desciscunt,
931 3456 971 3511 ut·
996 3469 1100 3530 paene
1129 3447 1257 3512 dubites
1286 3469 1329 3510 an
1356 3446 1461 3510 sciens

346 3544 525 3631 uolensque
561 3545 596 3608 in
638 3543 703 3609 illis
741 3546 847 3612 Varro
885 3557 989 3613 artem
1026 3547 1190 3614 Graecam
1232 3544 1463 3629 adhibuerit2).
1502 3585 1504 3589 ·

433 3785 458 3850 1)
476 3785 562 3836 Falso
580 3785 719 3837 Vsenerus
741 3787 770 3836 in
792 3787 866 3838 thesi
883 3787 1027 3840 Analeetis
1051 3789 1267 3856 Theophrasteis
1286 3804 1311 3839 a.
1330 3788 1397 3840 1858
1416 3787 1462 3836 ad-

346 3871 421 3920 iecta
443 3871 594 3922 Varronem
618 3872 754 3922 ‘senarios
776 3871 973 3936 plerumque
996 3875 1031 3924 ad
1060 3889 1186 3925 seueram
1209 3874 1379 3925 Graecorum
1401 3887 1462 3922 nor·

347 3971 419 4004 mam
437 3957 575 4020 exegisse’
594 3955 743 4008 contendit.

432 4038 459 4106 2)
477 4040 548 4090 Eam
566 4056 623 4090 rem
640 4041 765 4106 Longius
788 4042 817 4090 in
836 4041 1051 4104 Quaestionibus
1074 4043 1195 4094 metricis
1213 4059 1239 4108 p.
1257 4045 1291 4093 40
1309 4042 1461 4094 rectissime

347 4124 389 4173 sic
407 4123 569 4189 descripsit:
590 4127 669 4174 ‘baud
685 4125 840 4176 abhorrebat
857 4144 873 4175 a
889 4127 1012 4190 spondeis
1033 4131 1110 4176 semel
1131 4132 1173 4178 uel
1188 4129 1226 4178 bis
1248 4129 1274 4176 in
1291 4142 1371 4191 pares
1388 4127 1462 4176 etiam

346 4209 518 4272 irrepentibus
535 4210 625 4266 sedes‚·
647 4211 683 4258 ita
701 4216 727 4258 ut
748 4213 826 4276 anapia
844 4227 911 4260 noua
929 4213 1038 4275 quadam
1060 4214 1187 4276 elepantia
1204 4227 1293 4262 uersus
1310 4227 1370 4263 suos
1388 4211 1462 4260 deco·

346 4307 420 4342 rasse
437 4294 556 4343 uideatur
574 4309 647 4358 quum
664 4300 759 4344 certam
781 4295 832 4344 sibi
852 4297 971 4344 statuisse
994 4299 1080 4360 Iepem.
1121 4296 1200 4346 Immo
1224 4303 1316 4346 sectant
1339 4295 1461 4362 quaedam

346 4375 498 4440 fragmenta,
517 4380 543 4426 r'n
560 4379 649 4442 quibus
665 4381 707 4428 uel
722 4381 827 4443 saepius
844 4381 870 4428 in
887 4380 935 4428 lenc
951 4382 1037 4443 specie
1055 4381 1097 4428 uel
1113 4382 1199 4430 rarius
1216 4382 1243 4429 iu
1260 4384 1344 4431 altera
1361 4383 1406 4430 illa
1422 4381 1462 4430 iu-
