3274 5296
650 471 779 528 capvt
803 473 812 526 l
1245 467 1288 534 25
1329 422 1334 434 ⁶

168 632 190 697 l.
213 655 241 698 c.
265 656 297 718 p.
323 640 395 700 112.
421 642 491 704 120.
518 643 675 706 1806616
696 634 855 700 Varronis
880 635 1093 723 Sesqueulixe
1115 660 1180 704 non
1203 637 1287 703 male

169 735 368 821 composuit3
392 745 528 822 uterque
551 737 668 804 saltem
688 737 816 802 itineris
837 736 1101 824 descriptionem,
1125 740 1213 826 quod
1236 763 1287 808 co-

168 836 348 920 gnoscendi
381 837 452 902 ueri
481 859 596 922 causa,
631 850 667 906 ut
693 839 841 922 uidetur,
876 839 931 921 fit,
961 841 1119 924 continet3
1150 851 1287 928 uterque

169 939 269 1003 etiam
291 961 407 1004 uersus
430 939 624 1008 Homericos
652 964 718 1007 non
740 963 814 1007 raro
842 941 875 1006 in
897 951 1008 1028 partes
1031 952 1139 1008 uocat.
1183 943 1288 1010 Omne

168 1048 281 1106 autem
302 1039 386 1106 feret
408 1052 565 1128 punctum
588 1043 644 1130 qui
667 1066 708 1109 ex
730 1045 809 1109 Ioue
832 1043 988 1128 tragoedo
1004 1044 1288 1110 Varronianarum

168 1142 233 1208 sibi
259 1142 437 1229 imaginem
464 1144 631 1212 formabit.
673 1146 800 1232 Inque
823 1145 885 1212 hoc
907 1147 1006 1212 etiam
1028 1147 1288 1220 animadumtere

166 1243 254 1328 licet,
279 1244 367 1332 quod
381 1245 414 1310 in
430 1245 646 1312 Varronianis
667 1269 794 1334 quoquc
809 1271 876 1315 non
898 1249 1009 1335 paucis
1032 1249 1193 1336 suspicari
1215 1273 1287 1337 pos·

172 1368 296 1430 sumus,
320 1346 565 1433 inscriptionem
588 1347 664 1414 libri
686 1371 751 1414 non
773 1371 791 1414 a
807 1350 973 1436 proposito
989 1350 1078 1437 quod
1092 1351 1127 1415 in
1142 1375 1179 1417 eo
1195 1375 1288 1440 prae·

169 1449 264 1536 cipue
287 1457 448 1515 tractatur
471 1448 694 1538 desumptam,
726 1451 783 1517 sed
806 1473 826 1515 a
847 1473 882 1516 re
904 1450 1061 1535 leuicula‚
1085 1453 1172 1541 quod
1193 1453 1287 1520 initio

168 1551 319 1637 Iuppiter
350 1574 456 1637 pauca
485 1552 647 1639 quaedam
674 1554 825 1619 uersibus
848 1555 985 1639 tragicis
1009 1555 1112 1620 effert.
1157 1555 1288 1638 Quare

167 1654 382 1719 admonemur
411 1654 527 1738 etiam,
560 1677 601 1720 ne
629 1656 716 1742 apud
738 1654 921 1720 Varronem
948 1679 991 1721 ex
1017 1657 1287 1744 inscriptionibus
1334 1675 1336 1682 '

167 1755 263 1819 nimis
288 1754 489 1822 confidenter
512 1757 552 1822 de
573 1756 731 1823 librorum
746 1758 948 1843 argumentis
970 1759 1166 1845 iudicemus,
1191 1783 1288 1847 quam

168 1859 355 1924 cautionem
370 1868 407 1923 ut
424 1857 650 1944 adhibeamus,
674 1869 940 1945 argumentorum
961 1883 1090 1950 quoque
1112 1862 1287 1928 relationes

168 1960 330 2048 quaedam
354 1959 495 2025 suadent
514 1963 631 2047 graec'e
653 1961 857 2048 conscriptae
879 1973 956 2049 post
975 1964 1172 2047 Varronem,
1204 1989 1288 2053 quae

167 2060 277 2127 adhuc
305 2072 435 2144 extant,
469 2085 607 2148 quarum
633 2063 808 2130 nonnullae
835 2065 924 2132 nullo
956 2068 1137 2132 sententiae
1160 2067 1288 2134 vinculo

168 2184 242 2227 cum
271 2164 345 2250 ipsa
373 2164 585 2250 inscriptione
613 2187 759 2232 conexae
782 2175 868 2232 sunt.
915 2167 1114 2233 Addendum
1137 2168 1288 2257 denique,

167 2266 254 2331 inter
276 2265 427 2353 Menippi
448 2265 610 2332 Varronis
633 2268 772 2333 Luciani
792 2291 892 2355 opera
914 2269 1076 2355 quaedam
1098 2293 1181 2353 esse,
1205 2292 1288 2358 quae

168 2367 272 2434 titulis
296 2366 349 2432 uel
371 2367 505 2455 paribus
534 2367 587 2432 uel
615 2369 714 2436 ualde
745 2369 907 2436 similibus
937 2369 1056 2437 indolis
1079 2371 1287 2454 affinitatem,

168 2493 231 2558 qua
253 2471 288 2534 hi
310 2469 374 2535 uiri
397 2471 562 2536 coniuncti
585 2481 689 2555 erant,
712 2472 817 2557 magis
841 2473 942 2537 etiarn
957 2473 1158 2538 confirmant.
1202 2474 1288 2540 Nam

169 2567 372 2655 Συμπόσιον
395 2581 428 2638 61
449 2573 605 2637 Νεκνΐαν
626 2573 802 2661 Menippus
827 2575 958 2662 scripsit
967 2576 991 2662 ¹)
1016 2574 1063 2661 (v.
1086 2598 1117 2660 p.
1136 2583 1187 2657 10,
1210 2577 1288 2640 item

169 2667 371 2757 Συμπόσιον
393 2683 426 2740 61
449 2672 630 2740 Μένιππον
652 2665 672 2758 ἢ
692 2678 971 2760 Νεκνομαντείαν
993 2677 1174 2761 Lucienus3
1199 2668 1288 2741 Ἐπι-

169 2773 285 2842 στολαὶ
300 2778 471 2861 Κρονικαί
481 2778 620 2842 Luciani
635 2800 708 2842 cum
723 2778 873 2866 Menippi
885 2771 1090 2853 Ἐπιστολαῖς
1105 2787 1288 2861 xenophan-

168 2877 282 2963 μέναις
305 2871 370 2944 sind
393 2878 455 2944 roei
476 2879 544 2942 τῶν
565 2877 657 2944 θεῶν
680 2873 864 2964 προσώπου
886 2882 928 2947 ab
945 2881 1084 2948 Oehlero
1106 2880 1128 2945 l.
1150 2905 1178 2946 c.
1198 2904 1230 2968 p.
1248 2891 1295 2952 34·

168 2991 233 3048 not.
258 2992 335 3068 apte
357 2981 588 3067 conferuntur3
622 2976 768 3058 Κυνικός
789 2982 927 3048 Luciani
955 2994 987 3050 61
1009 2977 1217 3066 Προμηθεύς
1245 2982 1288 3048 ad

168 3084 328 3149 Varronis
352 3083 513 3170 Cynicum
536 3095 568 3150 61
590 3084 819 3150 Prometheum
841 3109 900 3150 nos
924 3085 1086 3168 referunt3
1119 3108 1225 3172 neque
1254 3084 1288 3148 in
1332 3098 1335 3106 ’

169 3185 306 3250 Luciani
328 3184 422 3250 libris
446 3185 564 3271 quibus
587 3186 776 3253 inscribitur
794 3176 985 3270 Ἑρμότιμος
999 3177 1019 3270 ἢ
1035 3183 1111 3270 περὶ
1127 3183 1289 3270 αἱρέσεων

170 3299 200 3353 61
228 3283 316 3371 Περὶ
343 3288 478 3352 θυσιῶν
510 3286 670 3354 absonum
698 3288 831 3354 uidetur
854 3289 1015 3354 Varronis
1039 3298 1168 3354 saturas
1202 3284 1288 3370 Περὶ

170 3386 332 3472 αἱρέσεων
354 3399 386 3454 61
403 3379 621 3473 Ἐκαὲόμβην,
646 3391 697 3454 661
718 3390 812 3456 111616
828 3390 1060 3476 grammaticus
1076 3399 1190 3476 postea
1213 3385 1289 3470 aspi

170 3490 302 3556 θυσιῶν
325 3491 512 3578 adscripsit,
536 3492 570 3556 in
584 3501 727 3558 mentem
741 3513 869 3556 uocare.
907 3491 972 3556 Sed
988 3491 1088 3556 etiam
1103 3491 1287 3557 Varronem

170 3615 240 3660 cum
262 3594 418 3680 Menippo
447 3593 508 3660 hoc
538 3593 610 3660 loco
638 3594 715 3659 11661
744 3615 783 3658 66
805 3593 932 3658 1611666
961 3615 1168 3681 componere,
1200 3591 1289 3679 quod

170 3694 222 3760 ille
245 3696 494 3760 Testamentum
518 3707 679 3778 saturam,
703 3695 755 3759 hic
777 3688 955 3778 Διαθήκας
976 3695 1181 3782 conscripsit.

252 3796 316 3862 His
339 3797 404 3860 iam
426 3798 528 3862 uariis
551 3798 612 3863 uiis
636 3817 675 3860 ac
689 3797 873 3863 rationibus
895 3796 1036 3884 aliquam
1057 3798 1173 3864 horum
1195 3796 1287 3863 libel·

170 3897 274 3964 lorum
300 3898 450 3964 notitiam
483 3898 596 3986 adepti
625 3898 805 3984 penetralia
832 3900 906 3986 ipsa
934 3922 973 3964 66
994 3923 1059 3987 qua
1082 3899 1176 3964 decet
1196 3921 1286 3962 uere·

171 4000 288 4066 cundia
310 3998 466 4065 adeamus
490 4009 522 4064 et
544 3999 623 4086 quid
645 4023 687 4064 ex
707 4009 891 4065 saturarum
915 4000 1058 4088 reliquiis
1073 4002 1153 4088 ipsis
1177 3999 1218 4063 de
1240 4000 1287 4063 in-

173 4155 373 4166 w..-

254 4256 279 4321 1)
304 4249 472 4322 Zoparistos
496 4259 650 4324 composuit
673 4258 758 4309 etiam
780 4255 938 4323 Meleager,
968 4258 1081 4324 cynicus
1106 4257 1286 4319 Gadarensis,

175 4342 247 4392 66166
266 4341 351 4392 libros
369 4343 452 4408 Diog.
472 4344 503 4394 L.
522 4344 560 4395 VI
579 4345 611 4395 99
636 4359 697 4394 cum
716 4342 871 4411 Menippeis
895 4347 1047 4410 comparat3
1073 4344 1108 4396 cf.
1128 4343 1286 4394 Athenaeus

174 4423 210 4474 XI
226 4441 252 4494 p.
271 4427 320 4478 502
339 4442 363 4478 6.
