3274 5296
649 479 776 534 GhPVT
806 481 815 534 Ι
1070 487 1076 496 ’
1270 473 1290 537 9

175 664 247 706 cnm
270 663 394 705 meram
421 641 576 706 festinam
603 663 712 705 omnes
735 635 880 726 gratiam'
902 641 1041 728 spirent,
1070 643 1156 708 scria
1182 650 1290 707 tamen

176 767 248 810 eum
263 743 479 809 immiscuisse
496 765 537 807 ex
559 742 628 806 eius
652 741 794 828 epitheto
818 732 836 806 ὁ
857 744 995 818 κυνικός
1017 743 1075 827 (cf.
1098 742 1289 809 Athenaeus

175 847 226 912 XI
241 868 275 935 p·
292 851 352 917 502
360 845 392 930 ο)
415 843 586 930 probabile
608 852 674 926 ost3
703 843 751 908 ita
773 843 913 929 denique
934 845 1019 909 Bion
1040 843 1288 932 Borysthenites

174 938 398 1031 ὑπομνήματα
427 969 487 1011 sua
515 945 628 1032 (Diog.
651 945 690 1010 L.
713 944 764 1009 IV
793 946 847 1030 47)
877 947 1074 1032 composuit,
1102 969 1198 1032 quern
1225 948 1289 1034 pri·

174 1071 263 1114 mum
283 1047 338 1114 uel
359 1046 595 1114 Eratosthenes
619 1046 732 1132 (Diog.
755 1047 794 1112 L.
810 1047 860 1112 IV
883 1055 933 1118 52.
958 1048 1109 1114 StraboI
1131 1056 1163 1130 2,
1179 1049 1213 1132 2)
1236 1048 1290 1112 uel

174 1149 420 1237 Theophrastus
430 1150 454 1237 ¹)
485 1133 541 1236 (cl.
564 1148 743 1214 Metrodor.
767 1148 824 1235 qui
852 1147 971 1214 dicitur
994 1145 1069 1230 περὶ
1097 1147 1289 1233 αἰσθήσεων

174 1253 208 1317 in
229 1251 309 1318 uoll.
325 1249 525 1316 Herculann.
543 1250 593 1316 VI
615 1249 676 1316 col.
694 1250 774 1336 XV)
797 1249 1037 1337 philosophiam
1059 1262 1151 1317 ueste
1173 1251 1291 1316 florida

173 1353 323 1418 induisse
350 1352 480 1439 dixit.²)
536 1351 662 1418 Eodem
695 1351 792 1417 modo
823 1351 971 1438 Menippi
1003 1351 1079 1418 libri
1113 1353 1288 1438 conscripti
1392 1389 1398 1400 2

174 1464 282 1539 erant,
313 1475 393 1574 quos
416 1475 458 1518 ne
481 1475 522 1519 ex
544 1453 703 1539 Diogenis
731 1453 841 1520 uerbis
865 1455 986 1536 ‘illinet
1007 1450 1070 1538 μὲν
1095 1439 1159 1518 οὖν
1181 1470 1289 1518 σπον-

175 1557 273 1621 (λαῖον
295 1547 408 1621 οὐδέν.
442 1547 542 1619 addi
564 1557 679 1639 βιβλία
701 1545 810 1620 αὐτοῦ
832 1555 962 1620 πολλοῦ
983 1555 1212 1640 καταγέλωτος
1233 1553 1290 1639 γί-
1332 1605 1345 1665 3

173 1681 227 1742 psa
250 1680 312 1723 κατ
314 1649 423 1721 ’ἴσον
449 1667 519 1732 τοῖς
542 1653 744 1740 Μελεάγρου
766 1679 850 1766 τον
858 1654 930 1754 κατ’
955 1650 1060 1722 αὐτὸν
1084 1655 1288 1744 γενομένου
1334 1701 1340 1718 .

172 1781 308 1848 prorsus
330 1759 410 1824 iocis
433 1759 621 1826 constitisse
643 1781 764 1841 sumas,
779 1735 921 1847 primum
935 1761 1088 1847 prohibet
1102 1760 1214 1849 quod
1205 1769 1290 1825 inter

172 1859 445 1949 philosophorum
460 1861 577 1944 seriem
592 1861 758 1947 Diogenes
775 1883 849 1926 eum
869 1863 993 1947 recapit
1014 1861 1164 1950 quodque
1181 1877 1290 1926 σπον-

173 1959 350 2046 ὃογέλοιον
373 1971 470 2028 vocat
492 1962 610 2029 Strabo
635 1961 736 2046 (XVI
757 1971 787 2044 2,
812 1964 878 2049 29),
902 1973 971 2028 tum
993 1985 1072 2030 uero
1095 1962 1188 2028 uiri
1178 1987 1288 2050 imago

174 2063 303 2152 qualem
331 2087 373 2130 ex
399 2064 546 2130 Lucieno
575 2074 706 2130 strenuo
729 2065 799 2130 eius
828 2075 988 2132 sectatore
1016 2067 1072 2152 qui
1099 2067 1289 2152 saepissime

172 2166 206 2229 in
228 2164 368 2251 dialogis
392 2187 466 2230 eum
485 2165 666 2232 introducit
687 2166 782 2232 nobis
807 2165 984 2252 depingere
1006 2189 1188 2254 possumus.
1224 2167 1290 2249 Qui

129 2249 135 2270 ¹
173 2289 370 2355 quamquam
398 2289 471 2332 eum
499 2268 546 2331 sic
574 2267 732 2333 describit
759 2267 858 2354 (dial.
887 2278 983 2333 mort.
1008 2269 1120 2352 1,2):
1161 2268 1290 2352 *γέρων

174 2360 358 2452 φαλακρὸς,
380 2363 562 2451 τριβώνιον
584 2370 670 2451 ἔχων
692 2362 905 2451 πολύθυρον,
929 2364 1051 2432 ἅπαντι
1073 2361 1183 2457 ἀνέμῳ
1206 2361 1289 2434 ἄνα-

174 2467 389 2554 πεπταμένον
411 2466 466 2534 καὶ
488 2467 774 2552 ταῖς·ίπιπτνχαῖς
788 2468 857 2534 τῶν
872 2468 1000 2555 ῥακίων
1014 2472 1186 2536 ποικίλον·
1209 2473 1291 2557 γελᾷ

173 2564 204 2636 δ’
234 2562 285 2635 ciel
313 2567 368 2635 καί
395 2562 436 2635 τὰ
463 2564 572 2636 πολλὰ
600 2563 679 2647 τούς
706 2563 869 2651 ἀλαζόνας
903 2569 1045 2648 τούτους
1079 2565 1290 2656 φιλοσόφους

174 2668 390 2738 ἐπισκόπων
419 2673 493 2738 aliis
527 2682 635 2738 tamen
662 2674 742 2740 locis
775 2675 860 2740 serio
888 2695 926 2740 ac
955 2675 1025 2739 fere
1057 2685 1187 2741 austere
1215 2697 1289 2739 eum

175 2775 369 2862 sapientiam
391 2797 484 2840 suam
506 2775 696 2842 edocentem
718 2777 800 2842 facit
822 2774 879 2863 (of.
902 2778 1133 2862 necyomantia
1157 2785 1196 2846 14
1219 2799 1288 2864 sqq.

175 2876 251 2942 dial.
267 2887 364 2944 mort.
381 2877 476 2964 XX).
506 2877 551 2944 Et
571 2879 650 2943 haec
665 2901 745 2943 sanc
761 2878 841 2944 satis
864 2877 1004 2964 simplex
1019 2886 1104 2942 erat:
1128 2900 1291 2943 summum

175 2979 259 3044 enim
281 2979 439 3066 sapientis
462 2971 634 3045 bonum
599 3001 660 3062 την
680 2970 850 3044 ἄπαθειάν
873 2977 1026 3061 ducebat,
1048 2987 1085 3043 ut
1106 2971 1160 3044 ‘sd
1182 2971 1291 3062 παρὸν

175 3064 212 3145 sil
232 3078 395 3165 iie'pevos'
417 3080 464 3145 nil
492 3091 625 3168 cuperet
653 3080 699 3145 nil
722 3090 882 3149 metueret
909 3080 1099 3168 modiceque
1127 3090 1160 3146 et
1181 3081 1289 3168 quiete

175 3183 356 3249 omnibus
347 3205 382 3246 in
404 3183 502 3249 rebus
531 3193 563 3249 et
586 3183 815 3271 conquirendis
844 3193 878 3249 et
899 3182 1045 3248 fruendis
1075 3205 1110 3248 se
1137 3181 1290 3268 haberet;

174 3285 273 3350 etiam
295 3284 330 3346 in
351 3281 610 3372 philosophando
632 3283 722 3350 ultra
743 3296 851 3352 certos
880 3294 1047 3372 statosque
1070 3285 1226 3350 terminos
1251 3307 1290 3349 ne

174 3385 385 3472 egrederetur
400 3386 603 3474 subtilesque
618 3387 857 3475 disputationes
879 3386 1145 3474 philosophorum
1161 3394 1198 3450 ut
1213 3408 1289 3450 uen-

241 3645 267 3706 l)
286 3644 481 3696 Eratosthenis
505 3659 566 3696 esse
588 3645 640 3697 hoc
663 3645 756 3696 tacete
779 3643 884 3694 dictum
907 3657 961 3694 non
979 3641 1080 3694 Strabo
1098 3646 1219 3707 tantum,
1244 3645 1291 3708 qui

173 3729 259 3795 ipsius
282 3729 370 3780 uerba
394 3733 459 3781 ante
484 3728 579 3780 oculos
601 3729 712 3792 habuit,
742 3727 826 3780 multo
849 3727 1023 3794 probabilius
1046 3727 1148 3790 reddit,
1174 3729 1222 3781 sod
1245 3745 1290 3780 res

173 3816 234 3880 ipsa
252 3814 334 3865 unice
353 3828 448 3865 nerum
465 3813 587 3865 ostendit
606 3829 681 3878 esse,
706 3829 767 3864 oum
784 3813 1019 3879 Theophrastum,
1046 3814 1124 3865 cuins
1141 3815 1201 3880 ipse
1219 3815 1291 3866 Bion

174 3904 233 3950 erat
255 3897 424 3964 discipulus,
451 3899 606 3950 imitatores
629 3900 714 3950 etiam
736 3899 847 3964 Bionis,
870 3900 917 3964 qui
938 3900 1064 3964 primus
1087 3898 1291 3964 philosophiam

175 3983 335 4046 adornauit,
364 3987 443 4034 notos
470 3983 603 4036 habuisse
627 3984 758 4049 temporis
786 3984 859 4034 ratio
882 3983 1038 4050 prohibeat.
1081 3983 1141 4034 Iam
1164 3987 1288 4049 apparet,

175 4083 227 4134 quc
246 4070 306 4118 iure
325 4067 506 4134 Neapolitani
524 4068 644 4122 editores
667 4066 823 4120 Metrodoro
842 4069 956 4134 Epicuri
975 4069 1080 4132 amico,
1104 4067 1292 4132 Theophrasti

176 4152 289 4218 aequali
307 4151 380 4202 huno
396 4153 497 4204 librum
515 4155 639 4206 tribuere
658 4154 719 4206 sino
738 4153 797 4205 ulla
816 4168 901 4204 causa
920 4154 1014 4204 conati
1032 4155 1104 4204 sunt.

242 4236 270 4304 2)
289 4237 405 4288 Bionem
416 4239 558 4304 Diogenes
578 4239 687 4304 quidem
705 4239 778 4289 inter
796 4237 970 4290 academicos
990 4241 1146 4301 enumerat3
1166 4237 1214 4288 sod
1231 4239 1291 4306 ipso

177 4321 242 4374 dicit
260 4323 311 4388 (1v
328 4320 387 4386 61)=
406 4309 499 4383 ‘ositos
517 4316 570 4391 τὴν
588 4315 682 4390 ἀρχὴν
698 4315 752 4390 μὲν
769 4323 925 4389 παρῃτεῖτο
943 4316 977 4374 sai
994 4314 1188 4388 Ἀκαδημαϊκοὶ
1209 4351 1240 4360 -
1259 4351 1290 4362 -

177 4398 230 4458 εἶτ’
249 4399 416 4460 ἐπανείλετο
434 4401 488 4476 τὴν
507 4402 637 4475 Κυνικὴν
654 4398 782 4476 ἀρωγήν,
800 4400 895 4475 λαβὼν
912 4405 1037 4474 τρίβωνα
1055 4403 1105 4459 καλ
1123 4398 1239 4474 πήραν.ἱ
