3274 5296
663 361 793 419 CAPVT
816 363 836 418 ll
1267 359 1309 426 55

184 548 264 611 pero
288 523 368 588 mihi
392 524 453 591 erit
476 527 718 610 controuersia,
741 526 864 613 quippe
889 527 942 612 qui
966 551 998 614 p.
1018 535 1142 599 15-19
1165 529 1230 593 iam
1253 552 1309 615 pu-

184 638 252 693 tem
266 628 466 712 argumentis¹
490 627 701 711 declaratum,
723 628 758 693 in
781 627 902 693 saturis
925 631 1111 716 prosarium
1132 631 1308 717 poeticum-

185 753 248 817 que
271 751 455 796 sermonem
478 731 667 796 coniunctos
691 752 773 795 esse.
818 730 966 811 Quorum
981 731 1047 796 iam
1068 732 1153 797 inter
1176 755 1210 797 se
1234 755 1308 797 con-

184 833 370 898 iunctorum
392 831 535 896 indolem
558 832 782 900 demonstrare
806 833 985 920 temptabo.

270 934 425 1000 Omnium
447 933 605 1001 librorum
627 931 788 1022 quotquot
812 957 830 998 e
851 956 970 1019 graeca
992 931 1157 1021 latinaque
1183 935 1226 1000 ad
1248 959 1306 1001 nos

185 1037 383 1124 antiquitate
406 1045 637 1122 peruenerunt,
660 1036 696 1100 in
718 1035 837 1124 quibus
860 1058 978 1122 prosae
1003 1036 1214 1124 poeticaeque
1238 1061 1309 1104 ora-

183 1139 283 1204 tionis
312 1138 399 1202 inest
428 1138 629 1221 coniunctio,
665 1159 704 1201 ea
732 1146 782 1202 est
810 1137 975 1220 condicio,
1010 1147 1047 1203 ut
1073 1139 1228 1205 maiorem
1255 1139 1309 1205 uel

185 1240 270 1305 adeo
303 1239 480 1304 maximam
514 1247 641 1326 partem
672 1238 827 1325 pedester
861 1262 966 1304 sermo
1000 1241 1163 1324 obtineat,
1201 1242 1308 1328 poesis

185 1352 298 1407 autem
320 1343 452 1407 nonnisi
479 1341 558 1408 locis
583 1340 646 1424 eis,
682 1363 762 1430 quos
793 1340 836 1406 ad
865 1341 1099 1427 expoliendum
1119 1343 1308 1429 aptissimos

183 1445 327 1530 scriptor
357 1441 423 1529 (uel
450 1455 539 1510 recte
566 1441 620 1508 uel
648 1443 834 1530 perperam)
864 1443 1076 1510 existimabat
1104 1443 1307 1530 expoliendis

182 1553 218 1612 et
244 1546 340 1633 quasi
372 1545 508 1630 gemmis
538 1543 788 1632 splendentibus
817 1544 1015 1610 exornandis
1045 1545 1194 1613 adhibita
1218 1547 1305 1632 sit.¹)

180 1647 307 1713 Veram
335 1647 437 1733 igitur
463 1647 498 1712 hi
521 1647 698 1735 scriptores
721 1669 907 1713 sermonum
930 1647 1133 1713 diuersitatis
1156 1658 1308 1714 naturam

182 1750 288 1837 probe
311 1758 561 1836 perspexerunt.
608 1747 833 1834 Omnibusque
854 1749 900 1813 eis
916 1747 996 1814 locis
1012 1749 1131 1836 quibus
1147 1751 1308 1836 poeticam

181 1850 407 1916 adhibendam
431 1851 612 1934 duxerunt,
635 1850 698 1916 hoo
718 1851 868 1938 inprimis
893 1851 1121 1934 sectabantur,
1144 1862 1182 1917 ut
1204 1854 1308 1921 uerba

184 1953 307 2040 quibus
330 1962 501 2019 uterentur
528 1976 548 2018 a
570 1952 773 2040 pedestrium
795 1954 941 2039 partium
963 1975 1111 2018 sermone
1135 1952 1221 2019 clare
1245 1954 1306 2019 dif-

181 2056 320 2120 ferrent.
369 2055 478 2140 Leges
506 2044 632 2142 'quaeso
664 2077 876 2141 quoscunque
903 2054 955 2120 uis
983 2093 1026 2103 —
1053 2053 1124 2120 sola
1150 2055 1307 2120 Martiani

165 2155 359 2244 ¹Capellae,
386 2156 528 2224 hominis
557 2157 683 2238 insani,
713 2155 935 2222 tintinnabula
963 2155 1090 2242 excipio
1113 2179 1307 2243 -semper

184 2281 377 2345 cognosces,
401 2259 501 2326 etiam
516 2258 595 2324 locis
613 2258 787 2343 corruptis,
810 2257 876 2320 utri
898 2257 1041 2323 sermoni
1065 2259 1228 2322 sententia
1250 2258 1306 2322 tri-

182 2360 319 2448 buenda
342 2361 394 2426 sit.
445 2359 596 2425 Eandem
617 2360 718 2444 igitur
740 2360 900 2426 rationem
915 2360 1099 2425 Varronem
1114 2381 1242 2447 quoque
1258 2383 1306 2424 se-

181 2473 294 2528 cutum
323 2485 410 2546 esse,
439 2462 496 2550 qui
523 2484 590 2528 non
616 2461 796 2529 barbarum
818 2459 910 2524 illum
933 2471 966 2526 et
994 2459 1170 2527 excordem
1191 2461 1305 2527 haberi

180 2562 286 2646 uolet,
317 2563 415 2630 facile
444 2563 618 2645 concedet,
651 2564 847 2650 praesertim
869 2585 942 2628 oum
965 2587 1031 2630 non
1054 2563 1115 2628 hoe
1138 2561 1242 2630 solum
1265 2564 1305 2630 de

181 2688 221 2732 eo
245 2665 420 2730 dicendum
444 2666 488 2732 sit
510 2665 596 2752 quod
620 2664 661 2731 de
683 2665 760 2748 illis,
784 2687 857 2730 eum
877 2665 1022 2751 benigna
1036 2675 1174 2731 naturas
1195 2664 1305 2730 indole

182 2767 347 2855 quomodo
371 2769 522 2834 uersibus
547 2768 589 2832 sit
612 2766 821 2833 scribendum
844 2766 1029 2832 discernere
1052 2767 1217 2854 potuisse,
1247 2766 1306 2834 sed

182 2868 286 2956 ipsius
311 2891 440 2957 quoque
464 2869 688 2935 testimonium
711 2868 902 2952 habeamus,
926 2892 990 2955 quo
1014 2868 1132 2934 scimus
1158 2893 1231 2934 eum
1252 2867 1305 2934 uel

181 2980 362 3038 metrorum
385 2969 588 3056 singulorum
610 2969 849 3058 proprietatem
877 2980 1119 3058 perscrutatum
1141 2995 1231 3055 esse,
1261 2971 1304 3038 ef.

177 3064 277 3148 ”Oros
300 3066 405 3155 λύρας
427 3072 473 3159 fg.
497 3073 580 3137 XV:

337 3179 506 3240 Maerentis
529 3187 561 3240 ut
583 3181 701 3256 quietus
723 3196 761 3240 oc
784 3180 941 3240 demissior
956 3180 1149 3255 probandus,

331 3266 503 3358 Ἀχιλλέως
526 3266 683 3360 sisebado,
700 3268 845 3352 Ἰωνικὸς
867 3277 1036 3358 κιναίδου,

183 3380 349 3466 etiamque
372 3389 442 3444 arte
466 3389 499 3446 et
520 3379 648 3445 ratione
672 3401 744 3443 eum
775 3369 980 3464 aptissimam
1008 3386 1195 3443 saturarum
1219 3399 1303 3444 com-

268 3636 295 3703 1)
314 3636 482 3687 Buecheleri
500 3635 727 3702 descriptionem,
752 3637 799 3700 qui
816 3651 844 3703 p.
863 3637 913 3686 426
932 3650 1040 3700 prosam
1059 3635 1088 3684 in
1106 3635 1240 3687 Varronis
1259 3652 1302 3687 sa·

182 3724 252 3774 turis
270 3722 385 3773 humani
403 3722 524 3788 corporis
543 3721 660 3786 ossibus,
681 3722 758 3772 corni
772 3722 895 3772 carmina
907 3721 1013 3771 inserta
1027 3725 1177 3786 comparat,
1197 3725 1304 3774 cetero·

183 3807 251 3873 quin
269 3811 378 3873 aptam,
397 3823 452 3857 non
471 3811 563 3856 tomen
582 3806 636 3856 lmc
656 3821 763 3871 quoque
781 3805 877 3857 ualere
896 3811 972 3872 puto,
990 3810 1021 3855 ut
1038 3807 1117 3872 poesi
1134 3808 1224 3857 maius
1242 3823 1304 3873 spa-

182 3894 251 3942 tium
276 3905 360 3957 quam
383 3891 505 3958 pedestri
528 3891 648 3942 sermoni
673 3891 848 3941 concedatur.
885 3891 956 3941 Nam
980 3890 1051 3956 quod
1072 3890 1119 3940 ille
1141 3889 1159 3942 1.
1179 3907 1203 3942 c.
1223 3875 1301 3954 diei't,

183 3982 310 4041 quartam
329 3980 436 4026 tanturn
454 3981 560 4042 partem
578 3976 699 4027 locorum
712 3980 883 4025 seruaturum
896 3975 1018 4042 pedestri
1031 3978 1156 4026 oratione
1170 3975 1302 4040 scriptam

184 4077 260 4126 esse,
285 4062 313 4111 id
332 4061 491 4125 neutiquam
511 4062 634 4112 concinit
653 4075 712 4111 cum
732 4059 899 4122 rationibus,
925 4059 1022 4124 quibus
1041 4059 1138 4111 ductus
1156 4059 1302 4110 nonnullos

183 4146 261 4197 locos
281 4145 409 4196 alterutri
427 4147 547 4198 sermoni
570 4147 616 4197 hic
640 4145 699 4196 illic
718 4148 795 4194 recte
820 4144 967 4207 adtribuit,
992 4160 1063 4209 quae
1086 4160 1141 4196 non
1165 4144 1201 4194 ad
1226 4144 1302 4196 uliud

184 4234 299 4296 possunt
317 4230 428 4294 ducere,
449 4246 531 4296 quam
548 4235 579 4281 ut
598 4231 709 4282 circiter
726 4229 793 4280 bina
812 4229 884 4278 inter
903 4229 987 4292 quina
1005 4228 1162 4295 fragmenta
1175 4228 1302 4281 uersibus

185 4313 329 4365 donentur.
