3274 5296
324 453 366 516 26
805 455 934 511 CAPVT
957 456 967 510 l
1068 475 1073 480 ·

325 621 398 686 dole
427 643 539 710 earum
568 620 641 684 elici
668 619 788 704 possit,
824 625 1017 704 temptemus
1046 639 1190 682 noscere.
1246 615 1441 680 Verecunda

325 724 409 788 enim
430 723 579 806 profecto
601 731 653 785 est
675 720 837 804 agendum
859 741 920 784 nec
942 719 1075 804 siquae
1097 728 1172 783 sunt
1188 740 1271 804 quae
1287 718 1363 782 sciri
1377 740 1441 782 non

323 833 472 912 possunt,
496 824 538 889 ab
560 823 704 907 ingenua
725 821 928 886 confessione
951 820 1205 886 abhorrendum.
1249 821 1320 884 Iam
1341 819 1442 904 igitur

324 927 479 1007 uidimus,
502 947 555 989 res
571 925 673 989 serias
695 925 730 988 in
752 923 874 990 saturis
897 931 1066 1003 tractatas,
1090 921 1148 986 sed
1170 921 1279 1008 lepido
1301 920 1442 1007 quodam

324 1029 449 1093 uestitu
464 1027 611 1107 amictas,
635 1048 698 1112 quo
722 1025 764 1090 ad
785 1025 962 1110 legendum
983 1025 1089 1119 mipus
1105 1023 1194 1088 docti
1208 1024 1440 1104 inuitarentur3

325 1129 384 1194 sed
405 1152 464 1216 per
486 1150 522 1192 se
545 1137 694 1214 spectata
716 1149 755 1192 ea
776 1149 828 1192 res
851 1127 893 1192 ab
909 1125 1049 1191 Horatio
1072 1149 1138 1190 non
1159 1125 1297 1190 multum
1320 1125 1441 1190 differt.

324 1229 534 1317 Peroptabile
556 1239 666 1294 autem
688 1231 837 1313 contigit,
866 1227 954 1314 quod
976 1229 1156 1314 posteriore
1179 1250 1259 1292 aeuo
1282 1249 1442 1312 gramma-

324 1333 408 1398 ticus
431 1330 564 1418 quidam
586 1331 643 1414 (de
663 1331 814 1396 Varrone
834 1331 905 1416 ipso
928 1353 993 1396 non
1015 1329 1228 1415 cogitandum
1249 1351 1333 1410 esse,
1355 1329 1444 1392 infra

326 1433 511 1519 ostendam)
550 1431 715 1497 nonnullis
749 1440 934 1496 saturarum
966 1431 1237 1517 inscriptionibus
1270 1453 1343 1496 eam
1374 1451 1443 1493 rem

325 1558 443 1621 graeco
473 1555 621 1599 sermone
650 1533 843 1619 adscripsit,
878 1533 918 1597 de
945 1556 1010 1620 qua
1036 1534 1211 1620 praecipue
1234 1533 1281 1599 ibi
1304 1532 1444 1617 scriptor

325 1629 455 1724 agebat.
500 1634 598 1716 Quod
625 1657 699 1699 cum
725 1635 760 1698 in
787 1635 892 1700 trihus
921 1645 954 1700 ct
980 1636 1118 1720 triginta
1146 1644 1301 1720 quantum
1323 1634 1443 1698 scimus

325 1738 446 1804 saturis
469 1738 593 1802 factum
616 1738 658 1801 sit
681 1746 714 1802 ct
736 1745 888 1823 quattuor
901 1747 1071 1824 praeterea
1084 1738 1156 1824 ipse
1170 1737 1277 1801 Varro
1294 1735 1443 1800 eomodo

325 1840 542 1926 inscripserit,
565 1861 625 1926 pro
642 1848 730 1903 certo
752 1841 818 1902 ianr
841 1861 1012 1926 possumus
1036 1839 1212 1921 affirmare,
1236 1838 1443 1925 quaestiones

327 1943 510 2028 degenere
541 1940 658 2004 morali
687 1940 877 2006 tractandas
906 1963 980 2005 eum
1003 1939 1190 2029 'sumpsisse
1217 1943 1333 2005 hasce:
1367 1935 1443 2020 περὶ

327 2039 446 2127 ἀρετῆς
468 2037 630 2124 κτήσεως,
665 2039 741 2124 περὶ
764 2041 926 2126 ἐμμονῆς,
959 2040 1035 2124 περὶ
1057 2034 1199 2126 ἡδονῆς,
1229 2038 1306 2124 περὶ
1335 2035 1443 2124 δόξης,

327 2142 403 2230 περὶ
426 2146 630 2227 φιλονικίας,
653 2141 730 2224 περὶ
752 2145 986 2228 φιλαργυρίας,
1011 2143 1087 2227 περὶ
1108 2139 1231 2227 τύφου,
1255 2139 1331 2224 περὶ
1353 2140 1444 2226 φθό-

325 2235 402 2329 νον,
426 2243 502 2330 περὶ
524 2244 639 2330 μέθης,
663 2243 739 2329 περὶ
754 2239 968 2330 adsuescat
991 2236 1099 2329 ὥρων,
1123 2247 1241 2333 quibus
1259 2246 1346 2310 addo
1369 2242 1444 2329 περὶ

326 2349 460 2414 θυσιῶν
493 2357 527 2413 et
559 2344 637 2431 περὶ
668 2347 762 2412 θεῶν
795 2341 1017 2430 διαγνώσεως.
1071 2347 1135 2424 ιΑδ
1161 2370 1264 2432 genus
1294 2347 1445 2412 naturale

326 2473 450 2540 paucae
473 2451 637 2536 pertinent
659 2447 734 2534 περὶ
750 2450 933 2534 κεραυνοῦ,
955 2447 1183 2533 aepiscopus
1204 2443 1345 2533 κόσμου,
1369 2446 1445 2533 περὶ

326 2547 521 2636 ἀνθρώπων
536 2549 682 2634 φύσεως,
700 2553 818 2640 quibus
835 2553 937 2618 addas
952 2553 1051 2617 hasce
1066 2552 1110 2617 ad
1124 2551 1325 2638 corporalem
1348 2563 1385 2618 ut
1399 2553 1445 2616 ita

328 2655 434 2719 dicam
449 2654 553 2717 uitam
569 2664 770 2741 spectantes:
788 2651 865 2736 περὶ
880 2655 1105 2735 παιδοποιίας,
1121 2650 1197 2737 περὶ
1213 2645 1444 2737 ιἰρρενότητος,

327 2753 403 2840 περὶ
426 2747 651 2838 ἀφροδισίων,
680 2753 756 2840 περὶ
779 2753 905 2840 γήρως,
935 2753 1009 2840 περὶ
1031 2753 1198 2840 εὐηηρίας.
1242 2755 1345 2821 Porro
1369 2765 1446 2820 sunt

327 2881 410 2946 quae
440 2879 492 2922 res
522 2857 670 2922 emedia
703 2859 773 2925 uita
806 2859 994 2946 desumptas
1028 2867 1188 2926 tractant:
1227 2855 1304 2940 περὶ
1333 2852 1444 2941 ἀρχῆς,

327 2957 404 3045 περὶ
426 2957 606 3042 ἐπαρχιῶν,
635 2957 712 3042 περὶ
735 2952 973 3044 ἀρχαιρεσιῶν,
1005 2958 1082 3045 περὶ
1104 2954 1340 3044 νομισμάτων,
1369 2956 1446 3041 περὶ

282 3079 284 3082 ·
327 3061 566 3145 μενεδλιακῆς,
590 3059 667 3145 περὶ
689 3063 867 3147 πειρατῶν,
891 3060 967 3147 περὶ
990 3061 1175 3147 ἐγκωμίων,
1199 3058 1276 3146 περὶ
1297 3083 1445 3143 γεγαμη-

327 3159 456 3246 κότων,
480 3160 557 3247 περὶ
579 3159 787 3248 ἐδεσμάτων,
811 3163 887 3250 περὶ
909 3157 1098 3248 διαθηκῶν,
1122 3161 1198 3244 περὶ
1219 3159 1345 3246 τοίφης,
1369 3158 1446 3244 περὶ

327 3265 461 3348 cuipam
495 3266 691 3352 quibuscum
717 3267 904 3334 Bimarcum
933 3291 1108 3354 compono,
1137 3269 1258 3353 inquo
1281 3266 1387 3330 Varro
1410 3287 1446 3329 ss

326 3371 397 3456 ipse
420 3366 496 3452 περὶ
517 3363 653 3448 τρόπων
676 3370 918 3456 disputaturum
939 3371 1121 3457 profitetur,
1145 3368 1187 3432 cf.
1204 3368 1330 3454 fg.111.
1368 3369 1445 3431 Per-

327 3492 452 3556 paucae
479 3469 625 3535 indicant
653 3471 896 3558 philosophiam
922 3473 1070 3537 intimam
1098 3471 1132 3534 in
1154 3470 1247 3537 libris
1270 3479 1446 3537 tractatam

328 3594 414 3636 esse:
433 3569 508 3654 περὶ
519 3575 734 3654 φιλοσοφίας,
748 3571 824 3656 περὶ
838 3571 1011 3656 αίρέσεων,
1024 3569 1100 3655 περὶ
1111 3572 1283 3655 χωρισμοῦ
1297 3571 1352 3657 (l),
1370 3567 1447 3651 περὶ

329 3673 505 3755 ἐξαγωγῆς.
551 3675 673 3740 Omnes
697 3684 805 3740 autem
828 3675 870 3738 ad
892 3676 1133 3762 philosophiam
1155 3675 1265 3760 aliqua
1287 3697 1329 3738 ex
1352 3683 1446 3760 parte

328 3783 534 3861 spectarunt,
562 3797 636 3840 cum
660 3778 757 3840 etiam
779 3799 862 3863 quae
885 3801 902 3842 e
925 3779 995 3842 uita
1016 3778 1127 3842 media
1148 3787 1280 3863 sumpta
1302 3775 1373 3840 dixi
1395 3797 1446 3839 ra-

328 3877 417 3942 tione
445 3875 561 3940 morali
588 3887 731 3944 tractata
757 3878 860 3943 fuisse
888 3878 1080 3964 fragmenta
1106 3877 1263 3944 nonnulla
1294 3876 1446 3943 doceant.

329 3979 513 4072 Quamnam
535 3988 644 4062 autem
667 3980 702 4042 in
724 3980 769 4044 eis
793 3980 1030 4067 philosophiam
1046 3980 1195 4045 docuerit
1210 4001 1389 4065 quorumue
1411 3979 1447 4042 in

327 4089 503 4167 praecepta
525 4081 666 4146 maxime
688 4081 896 4147 inclinauerit
919 4081 1098 4146 diiudicare
1114 4081 1252 4146 arduum
1269 4089 1328 4144 est.
1362 4081 1446 4144 Var-

328 4204 442 4246 ronem
465 4183 585 4246 etenim
613 4207 687 4248 cum
715 4185 794 4248 satis
818 4192 946 4249 constet
969 4183 1123 4248 Antiochi
1146 4182 1356 4246 Ascalonitae
1378 4205 1446 4246 ma-

328 4283 424 4367 gistri
452 4285 503 4348 sui
531 4284 587 4369 (cf.
610 4285 815 4371 Augustinus
840 4285 880 4349 de
902 4286 965 4350 oiu.
989 4284 1041 4348 dei
1062 4285 1150 4348 XIX
1173 4285 1206 4370 3)
1234 4283 1375 4368 uestigia
1397 4305 1446 4346 se-

323 4392 440 4481 cutum
455 4408 527 4450 esse
543 4387 600 4482 (cf.
617 4387 684 4451 Cic.
701 4409 775 4480 epp,
791 4387 834 4451 ad
849 4389 920 4450 Att.
937 4385 1026 4450 XIII
1050 4395 1100 4459 12.
1118 4393 1168 4455 16.
1192 4395 1247 4472 193
1265 4394 1299 4449 at
1313 4409 1346 4449 v.
1358 4406 1390 4474 p.
1403 4391 1445 4452 20
