3326 5304
357 465 398 529 82
622 501 623 504 =
826 471 953 528 CAPVT
982 471 1003 527 ll

357 634 488 718 quidem
509 636 560 697 uis
583 645 733 718 augetur,
749 636 969 699 membrorum
992 644 1101 698 autem
1116 635 1283 721 totiusque
1304 636 1381 699 ideo
1403 657 1474 700 uer-

357 759 412 800 sus
441 735 650 801 cohaerentia
682 736 783 821 perit;
811 736 900 822 quod
927 758 1031 821 genus
1060 736 1147 821 apud
1174 735 1255 800 alios
1282 759 1393 802 rarum
1417 735 1474 821 (cf.

356 837 556 902 Ritsohelius
580 835 728 923 prolegg.
758 837 852 901 Trin.
880 861 912 924 p.
942 835 1183 924 CCLXXXII)
1207 837 1354 902 abundat
1387 838 1475 924 apud

356 939 551 1004 Varronem.
588 938 758 1026 Nusquam
773 950 884 1004 autem
899 948 993 1004 extat
1006 939 1122 1003 incisio
1138 949 1213 1025 post
1229 940 1361 1004 tertiam
1376 939 1476 1004 arsim

357 1043 446 1124 (narn
468 1042 562 1125 Virg.
586 1041 652 1105 diu.
674 1041 759 1123 VII,
783 1064 802 1105 a
823 1040 982 1105 Muellero
1004 1064 1037 1127 p.
1061 1049 1122 1109 422
1149 1040 1214 1104 huo
1235 1050 1391 1123 tractum,
1419 1063 1473 1127 pe·

355 1141 457 1206 destri
486 1165 636 1208 sermone
665 1143 919 1230 scriptumest).
943 1180 985 1190 -
1005 1142 1157 1228 Denique
1184 1141 1274 1228 quod
1296 1141 1339 1206 ad
1361 1164 1473 1206 acoen-

355 1255 407 1309 tus
431 1244 609 1309 uerborum
632 1265 706 1308 cum
727 1245 871 1309 metricis
893 1243 1124 1330 exaequandos
1140 1242 1293 1329 pertinet,
1309 1265 1490 1330 nunquam.

353 1346 416 1411 hoc
438 1345 586 1410 consulto
609 1345 679 1409 fieri
700 1331 734 1408 in
756 1347 863 1431 prima
885 1355 918 1410 et
939 1345 1056 1410 ultima
1086 1344 1223 1430 dipodia
1245 1367 1320 1409 oum
1341 1344 1472 1431 reliquis

353 1449 458 1535 poetis
486 1446 587 1514 habet
614 1470 799 1530 commune;
828 1469 933 1533 neque
954 1447 992 1510 fit
1012 1447 1048 1510 in
1069 1446 1199 1528 uerba,
1233 1468 1368 1533 quarum
1395 1468 1472 1533 pars

354 1549 397 1614 ad
425 1549 484 1612 has
511 1572 589 1636 pars
617 1549 660 1613 ad
687 1548 828 1614 mediam
856 1549 1009 1635 pertinet.
1060 1549 1106 1612 At
1138 1548 1173 1610 in
1200 1547 1309 1612 media
1338 1549 1472 1635 dipodiu

354 1661 470 1737 quarto
502 1652 635 1737 quidem
666 1649 750 1737 pede
782 1649 945 1715 uocabula
974 1649 1068 1735 ponit
1100 1650 1241 1715 iambica
1273 1671 1356 1736 quae
1389 1650 1472 1714 fiunt

352 1764 499 1840 oxytona
507 1752 546 1835 ¹),
569 1774 736 1839 nunquam
758 1762 866 1816 autem
894 1751 956 1835 (sic
978 1751 1077 1816 etiam
1099 1750 1284 1837 Phaedrus)
1306 1752 1341 1815 in
1364 1751 1470 1834 tertio,

352 1853 474 1918 nedum
505 1855 544 1917 in¹
570 1863 716 1939 utroque.
774 1854 859 1918 Nam
893 1862 926 1916 et
958 1851 1052 1918 Sard.
1080 1875 1154 1916 uen.
1183 1852 1229 1938 fg.
1263 1852 1350 1938 quod
1383 1852 1472 1938 apud

353 1954 528 2021 Oehlerum
555 1955 640 2019 hanc
665 1955 765 2020 habet
793 1954 961 2040 dipodiam
995 1953 1136 2018 mediam
1159 1957 1282 2018 ‘saltim
1307 1957 1428 2035 padit',
1451 1975 1471 2017 a

352 2057 445 2144 poesi
467 2057 598 2123 omnino
622 2056 765 2122 alienum
788 2066 838 2120 est
861 2065 892 2120 et
905 2047 976 2118 Ὃν.
1000 2051 1073 2137 λύρ.
1098 2055 1152 2119 ΙΙΙ
1180 2055 1228 2121 ita
1250 2055 1470 2138 scribendum,

352 2168 388 2222 ut
411 2161 528 2224 ‘diuam
549 2160 660 2240 lyrdm'
690 2181 756 2224 non
783 2157 923 2221 mediam
952 2156 1011 2221 sed
1038 2155 1187 2222 ultimam
1214 2156 1349 2245 impleat
1380 2157 1471 2242 dipo-

352 2259 456 2342 diam,
479 2283 544 2346 qua
564 2260 743 2325 mutatione
766 2261 966 2324 exorientem
987 2259 1119 2323 tertium
1141 2259 1175 2321 in
1197 2268 1352 2344 sequente
1373 2281 1471 2322 uersu

349 2361 468 2448 pedem
490 2364 647 2440 ‘quadam'
671 2359 833 2447 quomodo
849 2359 1040 2426 abstulerim
1056 2361 1251 2425 sententiam
1267 2369 1470 2446 metrumque

351 2464 476 2549 pariter
498 2464 696 2549 respiciens,
719 2462 889 2528 commodo
912 2461 982 2526 loco
1005 2462 1145 2527 uidebis.
1176 2462 1250 2527 Hoc
1271 2485 1373 2526 unum
1395 2484 1470 2526 con-

353 2565 451 2628 cessit
474 2565 538 2630 sibi
553 2565 668 2645 Varro,
692 2574 729 2628 ut
752 2585 848 2628 uoces
872 2586 955 2650 quae
978 2564 1067 2628 tertii
1089 2563 1183 2649 pedis
1206 2565 1272 2627 arsi
1288 2575 1469 2650 quartoque

268 2745 276 2756 .
350 2666 433 2751 pede
462 2676 530 2731 toto
559 2676 729 2747 constant,
763 2666 833 2730 siue
863 2674 939 2729 sunt
966 2663 1161 2730 molossicae
1184 2665 1351 2750 (filiarum
1378 2665 1469 2751 Sesq.

350 2767 413 2833 XI.
435 2770 616 2832 so'mnurnas
637 2768 745 2833 Prom.
766 2766 812 2855 V)
842 2767 911 2830 siue
940 2766 1180 2831 choriambicae
1208 2767 1384 2850 (multiplici
1404 2767 1467 2849 Ag.

350 2867 414 2955 VI)
439 2869 510 2932 siue
531 2890 672 2954 paeones
696 2869 806 2954 quarti
828 2859 1056 2952 (ritineat'vr.
1074 2864 1148 2949 λύρ.
1165 2868 1225 2932 IV.
1250 2870 1375 2932 mr'scriis
1396 2867 1468 2930 Lex

349 2969 395 3034 Μ.
418 2969 498 3036 VH.
520 2972 696 3035 cc'cidirunt
720 2969 750 3056 [ὅ
773 2969 816 3034 ci.
839 2971 902 3035 Est
924 2993 966 3034 m.
991 2993 1031 3033 m.
1054 2969 1072 3034 I
1095 2971 1275 3034 inaenircmt
1295 2977 1329 3033 et
1351 2968 1466 3032 Aethr.

350 3071 396 3156 fg.
425 3072 460 3134 in
489 3071 640 3137 uersibus
669 3072 799 3136 Graeca
821 3072 999 3136 seueritate
1021 3072 1211 3157 compositis
1228 3069 1464 3155 pertimuerunt]

259 3211 262 3217 ,
351 3173 442 3260 Sesq.
466 3173 510 3237 X.
538 3195 602 3259 quo
631 3173 732 3237 etiam
759 3173 902 3259 pertinet
929 3176 1011 3252 quid
1037 3180 1158 3236 animae
1190 3172 1302 3253 Τριοδ.
1327 3170 1393 3254 ΙΙΙ;
1424 3171 1467 3237 cf.

348 3275 501 3338 mulierem
524 3273 565 3338 de
587 3296 690 3360 comp.
709 3274 813 3358 sata),
836 3275 1024 3340 accentibus
1046 3273 1236 3338 uerbalibus
1260 3273 1315 3360 qui
1337 3276 1466 3338 suntin

350 3374 500 3441 secundis
524 3374 660 3464 syllabis
683 3375 841 3460 neglectis
863 3376 1032 3441 metricam
1053 3375 1088 3438 in
1102 3376 1216 3462 primis
1240 3373 1376 3459 syllabis
1399 3375 1466 3438 uim

347 3476 517 3543 haberent.
556 3478 595 3541 In
616 3479 806 3542 uniuersum
828 3487 937 3541 autem
959 3476 1048 3560 leges
1072 3500 1152 3563 quas
1174 3475 1236 3542 hac
1258 3477 1293 3540 in
1315 3499 1350 3540 re
1371 3475 1467 3541 Plau·

348 3589 417 3643 tum
439 3579 595 3644 habuisse
617 3578 815 3644 Ritsohelius
845 3579 865 3642 l.
889 3601 917 3642 c.
940 3603 972 3665 p.
996 3577 1102 3643 CCVI
1125 3601 1195 3664 sqq.
1218 3578 1373 3661 ostendit,
1396 3601 1466 3643 eae·

348 3680 424 3744 dem
450 3690 527 3745 sunt
559 3703 641 3766 quae
670 3680 759 3766 apud
786 3680 968 3746 Varronem
998 3702 1127 3767 quoque
1158 3679 1285 3761 ualent,
1313 3680 1348 3743 id
1377 3680 1465 3766 quod

348 3781 455 3846 obiter
477 3790 619 3863 tantum,
652 3804 725 3845 oum
754 3790 858 3846 totam
886 3805 956 3846 rem
976 3781 1078 3846 nolim
1104 3792 1324 3867 pertractare,
1352 3791 1466 3847 contra

433 4074 458 4136 1)
476 4071 650 4124 Vocabulum
667 4071 847 4137 spondaioum
866 4087 898 4123 eo
916 4072 986 4137 pede
1005 4070 1110 4122 nullum
1129 4072 1270 4121 inuenitur
1287 4077 1399 4136 praeter
1411 4072 1465 4122 Pa·

347 4160 422 4223 piap.
441 4159 483 4207 IlI
505 4159 596 4208 ‘motis
616 4159 803 4221 parur'csimite’.
838 4156 991 4207 lambieem
1014 4171 1110 4206 uocem
1131 4157 1288 4220 insequitur
1312 4155 1464 4220 quadrisyl-

347 4241 440 4291 labum
458 4242 582 4303 uerbum,
604 4242 685 4305 quale
706 4245 748 4292 est
765 4239 833 4290 illud
850 4241 1023 4304 paruissimus,
1047 4240 1120 4293 Mod.
1143 4241 1263 4290 I‘mudo
1285 4242 1417 4288 rcenoiili'
1437 4245 1466 4290 et

347 4326 412 4374 ibid.
429 4327 473 4376 ΙΙΙ
494 4328 587 4390 ‘prada
608 4329 718 4377 tolutiIi’.
758 4325 921 4388 Plerumque
945 4325 1015 4374 duae
1037 4331 1169 4377 secuntur
1190 4339 1274 4386 uoces
1297 4324 1463 4389 bisyllabae,

347 4408 394 4457 sed
413 4408 454 4458 Id.
473 4410 529 4459 Att.
548 4425 572 4476 q.
592 4409 624 4462 Τ.
642 4411 655 4459 Ι
690 4413 768 4460 extat
785 4411 886 4458 τναὸίεῖ
904 4411 1020 4476 quiduis
1039 4410 1115 4459 ritri’
