3326 5304
320 434 382 526 1in
686 443 719 498 Μ.
744 441 882 499 ΤΕΗΕΝΤΙ
904 439 1065 498 VARRONIS

813 603 849 668 u
872 602 941 688 (10)
1027 667 1032 676 .

395 705 508 772 Nouos
524 707 660 770 maritus
676 705 830 770 tacitulus
846 705 948 768 terrim
964 705 1076 770 uxoris
1093 705 1242 773 soluebat
1258 707 1436 792 cingillum.

813 823 868 889 III
905 833 924 894 9

404 923 471 989 Sed
493 925 589 989 simul
611 926 761 991 manibus
784 822 914 990 traheris
926 824 1049 1007 iicnam,
1065 949 1206 992 necnon
1221 927 1318 992 simul
1334 929 1436 994 oculis

319 1028 496 1093 obseruare
520 1025 617 1092 ollam
639 1025 739 1112 pultis
761 1050 803 1091 ne
826 1027 993 1091 aduratur.

808 1143 858 1210 IV
882 1146 950 1232 (11)

403 1245 594 1311 Vehebatur
624 1268 697 1310 curn
724 1269 828 1312 uxore
856 1246 1005 1311 uehiculo
1034 1245 1135 1311 semel
1163 1257 1221 1312 aut
1252 1248 1304 1312 bis
1339 1271 1436 1330 anno,

279 1358 298 1417 5
319 1369 394 1411 eum
416 1353 579 1412 ‘arceram
602 1348 631 1412 si
652 1368 718 1411 non
737 1347 837 1412 uellet
859 1371 927 1414 non
948 1356 1131 1413 sterneret’

823 1466 854 1530 V
878 1467 925 1552 (2)

403 1567 534 1632 Manius
557 1568 676 1633 Curius
700 1567 814 1634 consul
837 1567 900 1651 [in]
924 1566 1085 1653 Capitolio
1109 1590 1182 1633 oum
1206 1567 1361 1635 dilectum
1381 1569 1436 1634 ha-

319 1671 413 1738 beret
433 1692 494 1734 neo
515 1669 634 1734 citatus
657 1669 691 1732 in
712 1669 801 1733 tribu
823 1669 904 1733 ciuis
928 1669 1162 1755 respondisset,
1179 1669 1329 1735 uendidit
1351 1681 1436 1736 tene-

318 1772 477 1839 brionum.

321 1995 404 2030 senex
423 1984 479 2030 iarn
496 1980 557 2044 ipse
576 1979 625 2042 (cf.
645 1977 722 2044 proll.
737 1995 763 2044 p.
775 1978 819 2041 48)
838 1977 968 2043 loquitur,
987 1982 1043 2027 turn
1062 1976 1135 2042 quod
1147 1993 1260 2044 operam
1278 1994 1309 2029 se
1327 1981 1438 2029 inanem

320 2047 479 2112 impendere
498 2047 591 2097 tristis'
606 2046 750 2112 expectat,
770 2046 903 2111 quomodo
923 2045 1031 2096 faciunt
1051 2046 1096 2110 qui
1115 2061 1196 2096 senes
1214 2046 1315 2098 docere
1333 2046 1439 2097 uolunt.

320 2115 468 2179 Inscriptio
482 2114 555 2180 apud
565 2116 682 2165 Nonium
695 2115 796 2178 ubique
814 2114 914 2164 litteris
932 2113 1029 2163 latinis
1048 2118 1164 2164 exarata
1182 2120 1232 2173 est,
1251 2119 1282 2164 ut
1300 2115 1337 2164 sit
1355 2116 1437 2179 ‘'Ge-

321 2182 628 2242 rontodidasealo’‚
642 2183 697 2232 nisi
710 2182 774 2246 quid
788 2182 863 2232 aliud
877 2181 1026 2232 adnotabo.
1072 2182 1086 2231 I
1104 2182 1208 2232 Nonius
1220 2185 1279 2241 214,
1288 2185 1326 2231 '24
1344 2184 1437 2234 ‘Nun-

321 2251 420 2301 dinae
444 2251 554 2315 generis
578 2254 642 2299 sunt
664 2250 790 2300 feminini
808 2275 841 2284 -
858 2276 891 2285 -
909 2249 1058 2299 Masculini
1076 2249 1201 2300 Lucilius
1219 2277 1252 2286 -—
1274 2250 1362 2300 Varro
1386 2250 1438 2300 Ge·

320 2318 544 2369 rontodidascalo
563 2321 623 2371 ...’
659 2317 703 2370 cf.
722 2319 808 2368 Varro
826 2318 860 2368 de
879 2333 898 2367 r.
918 2333 938 2366 r.
958 2319 994 2376 ΙΙ,
1014 2318 1102 2380 11,16
1120 2317 1249 2369 ‘Omnino
1267 2322 1391 2368 tonsores
1409 2319 1438 2366 iu
1506 2337 1510 2346 =

320 2387 432 2436 ltaliam
450 2387 567 2450 primum
585 2387 696 2436 uenisse
716 2401 750 2436 ex
768 2385 865 2435 Sicilia
884 2385 1012 2434 dicuntur
1035 2389 1097 2450 post
1114 2386 1147 2434 R.
1168 2402 1190 2439 c,
1211 2402 1237 2435 a.
1257 2384 1437 2437 ccccm)

321 2456 350 2505 11
366 2455 471 2505 Nonius
489 2455 530 2513 47,
550 2455 583 2503 24
605 2453 808 2518 ‘Cingillum
832 2469 848 2502 a
868 2453 1018 2518 cingendo,
1043 2453 1115 2517 quod
1133 2453 1302 2518 incingulum
1320 2452 1438 2518 plerum-

322 2537 374 2586 que
397 2521 508 2573 dicitur.
547 2522 635 2589 Varro
659 2519 925 2572 Gerontodidascalo
950 2520 1297 2585 (gerontodidesculo
1320 2520 1358 2584 Η)
1379 2525 1437 2572 ...’

320 2590 363 2639 III
380 2589 484 2639 Nonius
503 2591 567 2653 543,
592 2588 727 2639 'l‘Aula
745 2588 791 2638 uel
810 2588 881 2638 olla
905 2603 986 2651 quam
1011 2603 1062 2638 nos
1084 2589 1169 2638 ollam
1192 2587 1347 2652 (ollulaml)
1373 2588 1438 2638 dici-

320 2673 390 2718 mus,
409 2657 458 2706 sed
476 2661 520 2705 est
534 2657 745 2720 capacissimum
758 2671 817 2706 uas.
842 2655 959 2706 Plautus
972 2682 1005 2690 —
1016 2656 1104 2705 Varro
1119 2657 1438 2708 Gerontodidascslo...’

320 2723 358 2772 IV
381 2725 486 2774 Nonius
508 2725 554 2785 55,
577 2726 592 2772 2
616 2717 760 2774 ‘Arcera
786 2723 942 2788 plaustrum
966 2729 1010 2774 est
1032 2725 1164 2774 rusticum
1191 2729 1295 2774 tectum
1318 2725 1439 2788 undique

322 2792 402 2856 quasi
421 2807 487 2842 arca
504 2817 538 2826 —
555 2792 617 2841 Hoc
637 2795 730 2842 autem
748 2792 870 2842 uehiculi
888 2807 990 2856 genere
1009 2807 1090 2840 senes
1110 2796 1137 2842 et
1155 2793 1263 2857 aegroti
1276 2793 1385 2842 uectari
1396 2807 1438 2841 so·

887 2869 900 2896 0
1134 2886 1137 2890 .

320 2944 387 2994 lent.
422 2944 509 2993 Varro
523 2943 788 2994 Gerontodidascalo
809 2914 1152 3013 (geriintodidaseiilo
1170 2945 1198 2994 H
1215 2911 1439 3011 gerite-L—

321 3019 502 3070 dicascalo
519 3019 566 3084 W)
583 3023 641 3069 ...’
672 3017 716 3071 cf.
735 3018 842 3070 Gellius
855 3020 907 3069 XX
920 3021 944 3083 1,
957 3022 990 3070 29
1014 3020 1153 3070 ‘Arcera
1172 3025 1264 3069 autem
1286 3020 1440 3071 uocabatur

321 3088 473 3154 plaustrum
491 3091 595 3138 tectum
613 3087 734 3149 undique
755 3091 782 3138 et
799 3088 934 3138 munitum
953 3088 1032 3152 quasi
1051 3103 1117 3138 arca
1130 3086 1264 3152 quaedam
1277 3103 1380 3154 magna
1392 3103 1438 3138 ue-

321 3155 458 3206 stimentis
481 3157 614 3217 instrata,
640 3170 695 3218 qua
713 3155 794 3204 nimis
814 3156 893 3220 aegri
915 3160 963 3204 aut
986 3171 1068 3205 senes
1091 3156 1197 3221 portari
1216 3156 1350 3206 cubantes
1368 3155 1440 3206 sole-

321 3225 409 3274 bant’
444 3225 504 3274 Lex
516 3223 570 3273 XII
588 3223 745 3272 tabularum
763 3223 830 3273 ibid.
845 3225 868 3284 1,
882 3225 916 3273 25
934 3223 975 3272 ‘Si
993 3224 1022 3272 in
1035 3224 1076 3272 ius
1092 3228 1185 3285 uocat,
1204 3223 1227 3273 si
1240 3224 1350 3274 morbus
1364 3224 1438 3273 aeui-

320 3296 400 3342 tasue
427 3292 525 3342 uitium
552 3291 635 3350 escit,
663 3291 710 3354 qui
732 3293 761 3340 in
787 3291 830 3339 ius
852 3291 965 3340 uocabit
989 3291 1141 3340 iumentum
1169 3291 1246 3353 dato;
1275 3292 1304 3341 si
1330 3291 1439 3350 nolet,

321 3375 473 3410 arceram
496 3375 537 3409 ne
562 3354 728 3410 sternito.’'
786 3358 810 3407 V
827 3358 933 3408 Nonius
953 3359 993 3421 18,
1014 3361 1046 3408 27
1070 3359 1279 3409 ‘Nebulones
1299 3363 1440 3409 et-tene-

321 3602 451 3673 adposui.
484 3601 652 3658 octonarios
666 3598 836 3671 inmiscuit
857 3599 1002 3656 Vublenus
1016 3617 1046 3671 p.
1062 3591 1125 3679 8611
1182 3603 1194 3652 1
1218 3598 1346 3656 tacitulus
1360 3597 1439 3654 Mer-

320 3701 406 3742 cerus
420 3687 554 3742 taciturus
566 3684 666 3740 HLW
684 3687 783 3741 tacitus
793 3684 898 3740 Iunius
912 3686 941 3740 in
952 3702 1007 3756 mgr.
1030 3685 1183 3741 taciturnus
1195 3685 1304 3756 Popmu
1319 3675 1333 3764 ss
1347 3684 1441 3740 urosis

324 3762 377 3849 1]ss
398 3771 537 3844 cingulum
558 3771 634 3828 edd„
656 3769 795 3844 cingillurn
822 3770 922 3825 HLW
938 3761 953 3849 l]
979 3768 1192 3824 ‘Tetrumeter'
1215 3769 1318 3826 Iunius
1339 3772 1369 3826 in
1385 3786 1439 3840 mgr.

329 3855 437 3912 Versus
451 3859 536 3911 etium
566 3853 711 3910 Vahlenus
728 3872 759 3924 p.
775 3856 818 3910 69.
833 3859 883 3908 225
907 3856 1011 3926 aliique
1031 3855 1219 3910 instituerunt
1233 3846 1247 3932 [Ι
1305 3857 1321 3908 3
1344 3853 1440 3911 collam

321 3941 474 3996 Parisinus
489 3942 556 3994 7666
578 3939 658 3994 ollem
676 3938 804 3994 BHLW
821 3930 836 4018 l]
894 3944 911 3992 4
932 3937 1059 3996 uehiculo
1079 3955 1131 3994 orn.
1147 3940 1208 3994 cod.
1232 3938 1344 4009 Vrsini,
1368 3940 1441 3994 delet

321 4026 505 4082 Duentrerus
520 4027 594 4081 diur.
610 4025 661 4079 uu.
678 4025 766 4094 antiq.
785 4027 850 4078 1848
863 4042 892 4096 p.
909 4027 958 4079 491
973 4016 988 4105 Η
1004 4025 1031 4079 in
1048 4040 1118 4079 anno
1135 4021 1198 4078 Aur.
1213 4014 1228 4102 Η
1281 4026 1297 4076 5
1320 4039 1440 4079 arceram

325 4110 463 4167 Oeblerus
490 4127 582 4166 111111
604 4107 637 4162 H
654 4127 692 4164 m.
708 4124 764 4166 sec.
787 4110 825 4164 W
848 4109 1127 4179 munerabimur.
1160 4125 1265 4164 macera
1287 4099 1337 4186 ΕΗ
1360 4109 1383 4162 si
1398 4135 1441 4146 -

323 4201 459 4252 sterneret
480 4196 553 4250 delet
574 4193 737 4258 Mercerus;
767 4195 856 4250 uerba
876 4197 941 4265 ipsa
962 4195 1006 4250 llll
1026 4191 1190 4249 tabularum
1212 4193 1306 4248 intulit
1328 4192 1441 4247 Palme-

323 4283 385 4335 rr‘us
398 4271 413 4358 ss
470 4283 486 4332 6
509 4281 536 4333 iu
551 4279 671 4342 Aluum
695 4295 748 4334 om.
765 4270 889 4356 HLWss
947 4284 962 4333 7
984 4279 1083 4336 citatus
1105 4295 1119 4335 s
1142 4277 1258 4334 tribunis
1273 4276 1409 4333 Perottus
1425 4267 1438 4356 Η

324 4363 510 4427 tenebrionum
525 4365 588 4424 edd.
604 4363 780 4422 tenebronern
797 4363 897 4422 HlW
907 4353 920 4444 {l
