3326 5304
341 452 383 517 70
812 454 941 511 GAPVT
970 455 992 512 11

340 621 463 687 uiuidis
486 618 550 684 illis
579 623 663 700 Tap.
687 621 775 682 Μεν.
791 617 893 704 XXI)
917 628 1002 699 sunt,
1025 621 1346 685 commemorandum
1362 620 1462 704 duco:

342 725 385 788 cf.
412 714 581 802 Ἀνθρωπ.
604 721 651 786 II.
686 719 779 786 Idem
806 721 847 784 A.
878 742 910 806 q.
933 720 972 785 T.
995 720 1023 784 Ι.
1061 721 1154 806 Sesq.
1176 722 1237 787 IV.
1274 722 1394 807 Sexag.
1418 722 1462 787 X.

348 824 461 908 Tprod.
478 823 537 888 IV.
554 861 596 871 -
618 823 756 887 Flumen.
773 822 841 887 III:
868 829 983 888 ‘corius
998 829 1109 888 ulmum
1125 833 1193 888 tuus
1216 829 1352 904 deponit
1376 824 1464 910 quod

343 935 393 992 est
416 926 538 991 ‘corius
561 933 637 988 tuus
657 923 743 989 bene
765 922 947 1010 uapulauit’
976 945 996 986 a
1018 922 1228 1009 simplicitate
1249 925 1284 989 in
1305 925 1464 990 comioam

343 1036 470 1116 partem
499 1035 611 1112 aperte
640 1024 795 1107 dissedit3
832 1023 917 1089 addo
945 1023 1134 1090 Plautinam
1162 1025 1301 1091 formam
1330 1026 1463 1092 ‘corius’

343 1129 423 1194 alibi
445 1127 647 1191 inusitatam.
668 1164 710 1174 —
731 1126 812 1190 ibid.
829 1127 878 1191 IV
899 1125 1097 1193 uocabulum
1120 1132 1295 1194 ‘bellicum'
1318 1128 1464 1194 inaudite

342 1231 378 1293 in
401 1230 466 1294 fine
494 1228 624 1293 demum
652 1227 833 1293 sententiae
859 1227 1053 1294 collocatum
1082 1229 1169 1314 quod
1196 1228 1310 1295 debuit
1337 1251 1409 1294 esse
1430 1231 1464 1294 in

344 1331 457 1411 initio,
489 1328 650 1415 simulque
683 1329 897 1395 artificiosum
930 1329 1012 1395 illud
1046 1333 1179 1408 ‘fricore
1214 1339 1321 1396 torret'
1358 1332 1465 1396 locum

313 1467 316 1471 ·
343 1432 454 1497 reddit
474 1433 650 1517 poeticum.
676 1468 710 1476 -
736 1430 817 1496 ibid.
834 1432 934 1497 XVI:
960 1435 1073 1509 ‘ferro’
1098 1433 1229 1499 omnino
1253 1431 1407 1498 abundet
1422 1471 1466 1480 -—

344 1533 426 1600 ibid.
455 1533 539 1597 XX:
575 1541 720 1612 ‘quaerat
752 1542 927 1616 soporque'3
967 1533 1084 1598 horum
1115 1533 1291 1601 uerborum
1327 1533 1466 1599 alterum

346 1655 626 1721 superuacaneum
654 1642 719 1717 est3
749 1633 807 1698 sed
836 1642 869 1698 et
897 1641 1019 1700 ‘terrai’
1048 1635 1254 1721 genetiuus1)
1285 1645 1364 1700 tuno
1386 1646 1465 1701 tem-

311 1820 314 1824 Α
345 1737 434 1822 poris
461 1735 498 1798 in
531 1736 623 1821 poesi
656 1738 784 1799 tantum
817 1734 967 1801 adhiberi
999 1738 1118 1823 potuit.
1148 1775 1183 1785 -
1212 1737 1294 1804 ibid.
1325 1735 1463 1802 XXXI:

347 1845 487 1918 ‘propter
507 1842 651 1902 uolitans
675 1837 771 1902 tmesi
799 1836 983 1903 seiunctum
1009 1838 1135 1924 poesim
1163 1838 1299 1905 indicat.
1319 1877 1360 1887 -—
1383 1838 1464 1906 ibid.

346 1938 483 2003 XXXV
504 1947 620 2024 quater
641 1938 816 2024 repetitum
837 1942 915 2003 ‘tici’
937 1939 971 2002 in
987 1938 1116 2026 eloquio
1138 1941 1281 2006 maxime
1302 1942 1466 2008 concitato

347 2050 380 2104 et
401 2038 448 2124 fg.
469 2061 517 2126 sq.
536 2038 749 2105 artificiosum
770 2038 855 2104 illud
876 2045 944 2120 ‘per
967 2062 1034 2106 ossa
1048 2049 1183 2108 eomuis’
1206 2044 1335 2129 poetica
1351 2041 1467 2128 sunt.²)

345 2179 387 2189 -—
408 2141 488 2206 ibid.
511 2141 686 2206 XXXIX:
712 2147 809 2207 ‘aetas
830 2161 911 2223 quae
931 2148 1183 2210 adulescentiam
1208 2144 1383 2210 artificiose
1405 2167 1465 2231 pro

347 2250 444 2329 ‘quae
467 2252 557 2308 aetas
579 2242 746 2308 iuuenilis'
768 2243 913 2329 positum
936 2254 995 2309 est.
1024 2279 1067 2292 -—
1087 2244 1167 2310 ibid.
1191 2245 1301 2310 XLV:
1326 2253 1466 2312 ‘exterra'-

347 2355 408 2410 tum
437 2347 618 2422 formidine
655 2347 824 2431 copiosam
837 2368 994 2432 ,poeseos
1026 2346 1253 2412 Varronianae
1285 2347 1468 2413 ubertatem

349 2445 505 2512 ostendit.
521 2483 563 2494 —-
585 2451 722 2528 Γεροντ.
747 2447 815 2512 XI:
849 2457 924 2513 ‘una
942 2453 1110 2526 aranarta'
1133 2446 1237 2514 libere
1265 2449 1388 2514 dieitur
1407 2469 1468 2535 pro

348 2547 491 2633 ‘singula
512 2549 690 2632 granaria’.
714 2587 755 2596 -
776 2548 858 2615 ibid.
881 2548 986 2614 XIII:
1012 2555 1194 2629 ‘pascamur
1216 2561 1307 2631 atque
1329 2558 1467 2618 alantur’

348 2648 463 2714 eadem
496 2659 547 2715 est
578 2649 712 2715 ubertas
753 2673 838 2736 quae
871 2652 1009 2716 Eumen.
1038 2650 1118 2716 XX.
1152 2689 1195 2700 -
1231 2651 1325 2718 (ilor.
1352 2653 1385 2719 I:
1425 2658 1469 2718 ‘in

348 2756 468 2815 theatro
480 2787 521 2799 —-
533 2759 771 2818 concucurrisse
786 2757 876 2818 domu
883 2800 892 2833 ‚
908 2790 951 2800 —
961 2759 1081 2818 domum
1096 2764 1129 2818 at
1139 2757 1253 2830 seratis
1266 2775 1301 2819 ec
1315 2759 1467 2838 theatro'3

348 2852 500 2938 repetitio
524 2852 699 2919 uerborum
714 2854 748 2918 in
763 2875 863 2939 prosa
877 2854 1074 2941 importuna,
1090 2853 1270 2921 tolerabilis
1293 2856 1328 2920 in
1350 2877 1468 2940 uersu:

350 2961 383 3018 ‘a
410 2960 480 3034 me’‚
509 2975 582 3018 oum
611 2965 767 3041 sequatur
794 2960 885 3035 ‘quae
908 2959 1012 3032 feram
1042 2956 1170 3045 [animo]
1200 2962 1358 3035 ionosor‘te'
1387 2957 1468 3024 satis

350 3056 506 3122 abundet.
524 3052 758 3144 Fragmentum
780 3056 993 3143 prologorum
1015 3059 1214 3124 comicorum
1235 3057 1384 3125 habitum
1398 3059 1468 3123 imi-

348 3167 448 3222 tetur.
471 3196 514 3206 -
535 3158 617 3224 ibid.
640 3159 691 3224 II:
724 3167 803 3224 ‘cum
824 3197 867 3206 -
888 3165 1041 3226 combusta
1068 3171 1113 3224 est
1138 3198 1173 3206 -
1199 3166 1379 3240 elisamque
1398 3181 1468 3227 coa·

349 3271 469 3341 sumpta
489 3269 558 3343 est’3
587 3260 762 3346 repetitum
784 3267 857 3325 ‘est’
880 3262 1006 3348 poesim
1033 3261 1176 3345 indicat:
1204 3261 1247 3327 ef.
1263 3265 1410 3343 Κοσμοτ.
1426 3263 1468 3327 V.

349 3401 391 3410 —
414 3360 527 3428 Γνώθ.
552 3378 582 3427 o.
606 3362 657 3427 II:
689 3369 733 3426 ‘ia
755 3369 867 3428 molwn
889 3369 960 3428 alte’
984 3371 1018 3428 ct
1039 3367 1170 3443 ‘penita
1185 3385 1247 3444 prr
1266 3385 1380 3444 nquam
1396 3353 1469 3444 per-

350 3471 494 3545 spiciaot'
518 3473 732 3530 coaceruatae
756 3474 834 3530 sunt
856 3462 1033 3530 earundem
1048 3487 1157 3530 rerum
1173 3466 1412 3552 expressiones.
1431 3502 1467 3513 -

350 3565 431 3631 ibid.
447 3565 510 3629 IV:
537 3573 696 3632 ‘cenarum
718 3574 813 3632 riuos'
836 3589 895 3653 pro
919 3564 1060 3653 simplici
1082 3571 1220 3633 ‘uenam
1243 3603 1285 3612 -
1307 3566 1389 3632 ibid.
1404 3567 1467 3632 VI:

352 3670 467 3729 ‘sidera
488 3674 569 3732 caeli
589 3674 715 3749 diuum’,
738 3669 946 3734 coaceruatio
969 3691 989 3733 a
1011 3691 1110 3755 prosa
1132 3667 1249 3734 aliena.
1264 3705 1303 3716 —
1320 3667 1401 3734 ibid.
1418 3667 1468 3733 X:

437 3888 465 3954 1)
484 3890 626 3941 Eiusmodi
648 3890 771 3958 genetiui
796 3891 825 3940 in
847 3895 889 3942 -ai
913 3895 1045 3942 exeuntes
1073 3898 1220 3957 praetcrea
1247 3893 1277 3944 in
1304 3892 1407 3943 saturis
1429 3891 1470 3942 lc·

352 3980 452 4046 guntur
470 3975 592 4041 Κοσμοτ.
611 3975 635 4025 V
653 3976 787 4038 ‘militiat’3
805 3977 897 4029 Parm.
916 3975 930 4026 l
949 3976 1052 4042 ‘sapuit

436 4061 463 4122 2)
482 4060 605 4122 Quartae
624 4058 822 4111 declinationis
841 4061 987 4126 genetiuus
1010 4061 1038 4109 in
1057 4061 1111 4110 -uis
1135 4066 1281 4126 excuntes,
1305 4076 1372 4127 quos
1394 4059 1471 4112 solos

352 4146 503 4197 Varronem
521 4159 670 4209 usurpasse
689 4143 796 4195 Gellius
814 4146 852 4195 IV
872 4147 917 4205 16,
938 4148 951 4195 1
971 4144 1068 4207 tradit,
1088 4145 1117 4196 in
1135 4147 1237 4197 saturis
1255 4151 1403 4212 praeterea
1420 4146 1471 4198 ha·

355 4225 449 4280 bemus
465 4230 567 4293 parteis
581 4227 662 4293 (And.
674 4227 749 4292 VII),
766 4230 877 4293 sructuis
891 4228 965 4295 (Mel.
979 4229 1003 4280 1.
1024 4230 1100 4295 Ταφ.
1113 4229 1199 4296 XIV),
1212 4233 1308 4282 mansis
1321 4229 1423 4295 (Prom.
1436 4230 1471 4294 1),

353 4315 455 4364 cornuis
478 4312 565 4376 (Sesq.
589 4311 655 4376 VI),
684 4315 780 4364 domnis
803 4311 896 4379 (Ταφ.
914 4314 977 4376 VI);
1000 4315 1141 4365 inuenitur
1163 4320 1256 4368 autem
1278 4317 1371 4382 serapti
1389 4312 1470 4378 (Bim.

353 4393 449 4461 XXV),
469 4397 569 4462 quaesti
585 4393 685 4460 (Prom.
703 4396 754 4462 IX)
774 4401 802 4447 et
819 4398 886 4448 domi
903 4405 960 4449 tuae
980 4397 1060 4463 (Bim.
1079 4399 1138 4462 VI).
