3274 5296
337 407 380 470 20
811 411 940 469 CAPVl'
970 412 980 467 Ι

336 574 358 638 l.
367 597 434 661 cp.
443 583 504 644 419
518 574 623 638 secuti
638 582 725 638 sunt.
740 574 812 638 Iam
825 573 910 638 enim
921 572 1064 638 uidimus
1076 573 1244 659 magisque
1254 572 1353 636 etiam
1364 573 1453 636 uide·

336 677 456 758 bimus,
478 676 512 739 in
535 697 573 740 eo
596 676 682 762 quod
703 697 802 761 prora
815 675 1033 762 uersibusque
1047 675 1171 738 mixtae
1186 675 1252 738 sint
1273 695 1337 737 non
1352 682 1454 738 totam

336 777 585 863 Menippearum
606 777 839 863 proprietatem
868 786 1035 860 constare3
1059 774 1215 841 accedere
1241 798 1337 858 uero,
1366 772 1454 860 quod

336 879 471 964 grauius
495 878 593 944 etiam
616 889 681 961 est,
713 888 750 944 ut
775 879 891 966 cynica
918 879 1061 965 quadam
1087 877 1308 962 insignientur
1332 875 1452 957 indole,

336 990 373 1045 at
402 975 668 1062 oaovdoye‘torov
695 1003 797 1066 genus
826 990 1072 1062 consectentur,
1107 990 1143 1045 ut
1174 978 1312 1044 ridendo
1339 999 1452 1042 uerum

336 1083 444 1147 dicere
466 1092 500 1146 et
522 1081 640 1146 docere
663 1081 854 1148 delectando
876 1082 1073 1168 suscipiant;
1102 1080 1193 1145 euius
1221 1081 1350 1165 generis
1380 1101 1453 1143 cum

336 1184 383 1248 nil
405 1184 536 1249 omnino
560 1182 649 1269 apud
671 1183 829 1248 Senecam
855 1206 946 1248 mera
972 1182 1066 1246 illum
1093 1182 1237 1248 ludibria
1263 1180 1453 1246 fundentem

336 1285 616 1371 deprehendatur,
640 1306 660 1349 a
681 1285 855 1372 Menippen
879 1285 1071 1371 cognomine
1101 1285 1136 1348 in
1158 1307 1232 1348 eum
1255 1282 1452 1349 conferendo

338 1386 572 1452 abstinendum
595 1387 666 1452 erit.
705 1387 875 1452 Hactenus
904 1388 1001 1464 haeo;
1035 1409 1111 1450 nam
1133 1386 1251 1473 quibus
1272 1384 1452 1450 rationibus

335 1488 464 1573 singula
485 1489 672 1573 fragmenta
693 1490 840 1575 prosario
862 1487 917 1555 uel
938 1488 1066 1575 poetico
1089 1487 1231 1552 sermoni
1248 1486 1454 1571 adsignanda

336 1590 418 1673 sint,
448 1589 592 1656 secundo
615 1591 745 1655 demum
772 1592 879 1678 eapite
907 1614 969 1680 quo
999 1590 1041 1655 de
1069 1614 1104 1655 re
1132 1589 1266 1654 metrica
1292 1589 1451 1655 Varronis

340 1690 502 1756 disseram
523 1691 791 1778 inuestigandum
813 1693 886 1758 erit.

398 1792 507 1859 Varro
534 1794 636 1879 igitur
664 1816 759 1880 quem
785 1794 979 1882 Menippeas
1008 1804 1136 1859 saturas
1165 1817 1241 1859 suas
1270 1790 1453 1880 appellasse

336 1893 465 1986 Gellius
489 1894 510 1960 l.
526 1919 554 1964 e.
571 1919 602 1983 p,
620 1909 638 1966 7
661 1905 811 1979 testatur,
835 1919 974 1982 quocum
997 1897 1118 1982 optime
1140 1896 1212 1982 ipse
1234 1894 1398 1960 consentit
1418 1895 1452 1957 in

336 1996 542 2062 Testamenti
570 2006 701 2063 saturae
729 1998 913 2084 fragmento
936 1999 990 2062 ΙΠ
1016 1997 1099 2062 haec
1120 1997 1304 2084 proferens:
1336 2002 1366 2059 ‘e
1386 2017 1452 2060 meo

336 2102 549 2181 φιλοφθονια
573 2099 629 2185 (l)
656 2107 752 2178 natm,
782 2122 856 2180 quos
878 2105 1043 2180 Meampea
1064 2105 1200 2164 haeresis
1221 2106 1377 2164 nutricata
1399 2108 1450 2175 est,

334 2211 454 2278 tutores,
471 2209 511 2267 do

449 2307 508 2378 Qua
528 2325 592 2367 rem
614 2308 785 2368 Romanam
808 2308 988 2383 Latiumque
1009 2310 1169 2383 aaeiseere
1190 2309 1300 2368 ualtir'

335 2427 418 2490 quae
452 2405 492 2469 de
514 2405 643 2470 'saturis
678 2404 827 2492 profecto
855 2403 1072 2490 intelligenda
1102 2414 1194 2487 sunt,
1221 2443 1264 2452 —
1290 2402 1451 2490 quomodo

334 2504 389 2571 ille
411 2506 558 2593 Menippi
582 2529 717 2593 operum
740 2507 879 2573 formam
902 2507 1049 2572 imitatus
1073 2508 1115 2572 sit
1137 2529 1211 2572 cum
1232 2505 1452 2584 monstrarim,

335 2607 401 2671 iam
429 2629 468 2671 ea
495 2629 578 2694 quae
603 2607 724 2673 libellis
757 2609 1010 2674 continebantur
1037 2609 1207 2674 uideamus
1235 2630 1300 2695 qua
1326 2607 1452 2671 ratione

336 2730 410 2772 eum
431 2707 486 2774 illo
509 2709 562 2773 uel
578 2710 795 2795 conspirarint
810 2708 865 2773 uel
886 2710 928 2775 ab
951 2709 1007 2774 illo
1024 2711 1253 2798 discreparint.
1279 2711 1354 2790 Qua
1368 2710 1403 2772 in
1417 2731 1452 2772 re

336 2832 403 2873 non
418 2811 527 2874 omnia
542 2811 726 2876 certissima
748 2810 889 2896 proferri
912 2833 1007 2897 posse
1030 2834 1104 2876 oum
1127 2834 1168 2876 ex
1191 2813 1301 2876 scissis
1326 2820 1453 2876 tantum

334 2910 604 2997 breuissimisque
631 2910 822 3000 plerumque
845 2922 1030 2978 saturarum
1057 2913 1209 2978 frustulis
1231 2911 1454 3000 conquirenda

335 3014 417 3096 sint,
438 3034 532 3078 nemo
554 3022 634 3100 puto
656 3013 839 3079 mirabitur.
886 3015 1031 3080 Primum
1053 3015 1155 3101 igitur
1181 3038 1293 3080 ueram
1314 3026 1452 3100 uterque

335 3114 529 3200 sapientiam
551 3115 766 3198 commendat,
790 3139 888 3203 quam
910 3115 998 3202 quod
1020 3115 1075 3182 ille
1097 3117 1131 3180 in
1154 3139 1192 3182 eo
1207 3117 1320 3204 posuit
1334 3117 1362 3180 si
1378 3115 1451 3202 quis

335 3207 385 3279 ‘ed
407 3205 517 3298 παρὸν
540 3201 579 3280 ed
601 3219 742 3300 τίθησι’,
765 3211 820 3282 hie
843 3240 860 3281 e
883 3217 1089 3304 philosophia
1111 3219 1250 3285 colenda
1266 3227 1362 3304 putat
1383 3216 1452 3281 adi-

335 3318 525 3404 piscendam
561 3319 618 3404 (of.
649 3314 725 3402 περὶ
755 3316 947 3402 ἐδεσμάτων
974 3320 1025 3384 II:
1065 3327 1124 3400 εεἰ,
1159 3333 1306 3401 quautam
1339 3340 1453 3400 operae

333 3427 487 3500 sumpsr'sti
507 3431 540 3485 at
561 3433 629 3488 tuas
645 3428 747 3502 pistor
760 3427 867 3486 bonam
885 3427 1008 3500 faceret
1023 3443 1148 3503 ponem,
1166 3430 1231 3487 eius
1245 3428 1452 3488 duodecimam

329 3526 542 3602 philosophiae
568 3528 715 3601 dedisses,
746 3531 810 3604 ipse
837 3529 931 3588 bouus
963 3530 1024 3588 iam
1045 3531 1168 3605 pridem
1198 3545 1275 3589 esses
1297 3519 1470 3607 soctas’)‚'

333 3623 464 3687 nomine
494 3623 563 3688 fere
596 3646 661 3688 non
689 3645 726 3687 re
752 3647 806 3689 eos
841 3625 1015 3690 dissentire
1042 3636 1132 3712 puto.
1182 3624 1336 3690 Nondum
1365 3626 1451 3690 enim

335 3745 410 3787 curn
432 3729 549 3788 ‘uetera
570 3735 640 3796 rua'
664 3727 886 3793 scriberet-
907 3727 954 3790 sio
976 3728 1062 3792 enirn
1091 3727 1198 3813 ipsum
1221 3737 1350 3791 saturas
1374 3750 1451 3790 suas

335 3824 555 3911 appellantem
572 3825 686 3892 Cicero
709 3825 838 3891 inducit
860 3828 894 3890 in
910 3828 1015 3894 Acad.
1040 3831 1055 3893 I
1078 3836 1109 3910 2,
1134 3838 1209 3898 8—
1225 3828 1451 3893 certam'omni

334 3948 376 3991 ex
390 3936 484 4014 parte
506 3926 733 4015 philosophiae
756 3928 938 3994 doctrinam
960 3928 1130 4016 amplexus
1145 3930 1249 3995 fuisse
1264 3929 1450 4014 uidetur;¹)

403 4185 429 4251 1)
449 4187 511 4249 Qua
522 4187 551 4236 in
564 4202 592 4236 re
606 4202 623 4236 a
636 4186 773 4236 Krshneri
791 4187 926 4238 dissentio
939 4187 1087 4249 sententia,
1101 4201 1184 4251 quam
1195 4189 1225 4236 in
1238 4187 1335 4238 subtili
1352 4187 1451 4239 libello

333 4269 387 4318 ‘De
405 4271 536 4320 Varronis
555 4270 752 4335 philosophia’
776 4272 987 4324 Neobrsudenb.
1007 4273 1081 4322 1846.
1101 4273 1237 4336 exposuit.
1262 4272 1358 4336 Neque
1377 4272 1451 4322 enim

333 4353 457 4403 rationes
481 4368 552 4418 quas
575 4354 623 4406 ille
647 4357 719 4405 inter
736 4357 868 4407 Varronis
888 4360 916 4406 et
940 4354 1084 4405 Cleanthis
1107 4356 1189 4406 stoici
1212 4356 1344 4406 librorum
1369 4372 1450 4422 prae·
