3280 5306
384 437 447 504 258
762 434 795 490 11.
812 431 951 490 TEREN'II
970 427 1130 486 VARRONIS

388 606 440 672 of.
463 603 596 670 Seruius
619 601 653 666 in
676 601 759 664 Aen.
781 596 850 661 VII
873 605 933 666 601
962 593 1087 660 ‘Varro
1109 591 1183 658 uult
1209 613 1333 658 morem
1360 612 1498 656 commu-
1587 577 1589 654 1

264 779 269 786 ,
386 731 461 772 nem
484 725 680 770 consensum
702 699 846 766 omnium
874 696 971 762 simul
993 695 1228 777 habitantium,
1259 694 1314 781 qui
1342 694 1499 758 inuetera-

388 819 440 875 tus
464 804 731 872 consuetudinem
754 801 859 865 facit’

777 988 835 1053 De
862 984 1120 1074 philosophia
1263 1033 1267 1036 -

474 1096 527 1163 of.
550 1093 758 1180 Augustinus
781 1089 822 1154 de
845 1089 908 1154 ciu.
932 1086 986 1152 dei
1002 1087 1089 1152 XIX
1106 1095 1186 1157 1-3
1210 1086 1267 1173 qui
1288 1084 1389 1168 locus,
1412 1105 1501 1172 prae-

391 1200 504 1266 sertim
527 1220 601 1263 cum
623 1217 689 1262 non
711 1195 754 1258 sit
775 1192 1010 1272 certissimum,
1033 1189 1153 1256 librum
1176 1211 1246 1254 esse
1269 1187 1501 1272 logistoricum,

390 1302 519 1388 longior
546 1308 597 1364 est
625 1318 724 1385 quam
745 1294 799 1381 qui
828 1293 881 1356 hic
908 1292 1125 1358 exscribatur.
1175 1290 1332 1357 Continet
1360 1289 1504 1375 disputa-

391 1405 513 1470 tionem
536 1400 577 1466 de
601 1420 727 1465 summo
750 1396 854 1478 bono,
877 1393 966 1480 quod
985 1393 1087 1458 uariis
1110 1393 1217 1458 modis
1239 1392 1288 1490 ita
1308 1391 1376 1478 peti
1391 1391 1504 1477 possit,

392 1515 428 1571 ut
450 1499 730 1570 CCLXXXVIII
757 1497 835 1563 inde
858 1506 966 1562 sectae
995 1496 1154 1561 oriantur.
1204 1493 1295 1576 Quas
1326 1493 1444 1558 deinde
1466 1491 1505 1554 ad

392 1607 464 1672 XII
485 1604 615 1670 reducit
636 1601 842 1688 principales.
887 1597 1056 1663 Virtutem
1077 1607 1186 1662 autem
1208 1597 1413 1663 coniunctam
1436 1617 1504 1658 cum

392 1705 599 1795 prImigeniis
623 1711 760 1768 naturae
783 1721 944 1767 summum
966 1721 1038 1764 esse
1060 1699 1192 1780 bonum,
1215 1697 1301 1764 hanc
1323 1717 1417 1762 suam
1438 1718 1506 1762 esse

393 1795 568 1898 profitetur
590 1814 729 1888 sectam,
752 1802 841 1889 quod
861 1803 985 1868 bonum
1007 1801 1062 1888 qui
1083 1799 1220 1882 habeat,
1243 1822 1319 1864 eum
1341 1821 1413 1864 esse
1435 1799 1507 1864 bea·

395 1922 465 1977 tum
488 1930 625 1995 eumque
647 1905 796 1972 homines
816 1904 960 1992 deosque
976 1902 1125 1988 diligere.
1147 1901 1318 1967 -Locus
1341 1900 1463 1986 legitur
1477 1901 1507 1961 in

395 2014 446 2079 ed.
469 2012 610 2078 Varron.
633 2009 764 2095 Bipont.
788 2029 822 2093 p.
839 2013 1016 2078 328-336.
1051 2003 1103 2070 Of.
1119 2003 1268 2091 prolegg.
1284 2027 1317 2090 p.
1334 2011 1374 2074 38
1396 2011 1464 2067 not.
1481 2009 1508 2070 3.

820 2174 1091 2260 [TANAQVIL]

808 2279 866 2342 Dc
898 2277 1102 2365 pudicitia

483 2486 558 2551 Non
579 2484 676 2550 modo
705 2482 824 2548 absens
853 2380 1025 2568 quicqiram
1054 2481 1095 2546 de
1125 2491 1157 2546 te
1184 2481 1316 2567 sequius
1345 2480 1510 2565 cogitabit,
1601 2486 1602 2506 ¹

399 2589 458 2656 sed
480 2590 581 2654 ctiam
602 2583 821 2650 ruminabitur
843 2582 1087 2648 humanitatem.

486 2807 620 2873 Seruius
642 2807 677 2870 in
699 2805 800 2890 Verg.
823 2805 906 2871 Aen.
930 2803 979 2868 IV
1001 2815 1042 2874 45
1071 2803 1191 2870 ‘Varro
1214 2805 1254 2871 dc
1276 2803 1438 2891 pudicitia
1460 2804 1511 2882 ait,

402 2910 551 2996 auspices
574 2909 609 2972 in
630 2907 755 2993 nuptiis
771 2904 954 2992 appellatos
977 2906 1023 2972 ab
1035 2907 1209 3000 auspiciis,
1232 2929 1317 2993 quae
1339 2908 1383 2973 ab
1398 2907 1513 2972 marito

403 3021 436 3076 et
457 3031 545 3076 noua
566 3016 669 3096 nupta
689 3029 748 3093 per
770 3009 829 3072 hos
853 3007 1004 3093 auspices
1027 3009 1246 3096 captabantur
1266 3008 1302 3074 in
1324 3009 1476 3096 nuptiis!

830 3211 888 3276 De
917 3211 1090 3277 saeculis

489 3315 624 3382 Seruius
653 3313 688 3376 in
719 3312 813 3398 Verg.
842 3314 926 3378 Aen.
948 3313 1037 3378 VIII
1059 3321 1120 3384 526
1154 3314 1279 3380 ‘Varro
1309 3315 1350 3379 de
1378 3311 1515 3380 saeculis

297 3405 300 3410 ¹
404 3417 555 3484 auditum
570 3436 687 3482 sonum
701 3415 801 3481 tubae
817 3414 858 3481 de
872 3414 964 3481 caelo
980 3415 1082 3481 dicit?
1106 3415 1158 3482 cf.
1174 3416 1369 3482 Plutarchus
1385 3415 1517 3484 Sullal.

404 3519 524 3586 Suidas
548 3541 574 3583 s.
595 3542 629 3583 u.
652 3511 799 3592 Σύλλας.
845 3515 1042 3584 Censorinus
1067 3529 1117 3590 17.

702 3635 762 3700 Ex
783 3637 943 3701 incerto
969 3636 1217 3723 logistorico

490 3737 624 3804 Seruius
647 3738 681 3801 in
703 3737 804 3823 Verg.
828 3738 911 3804 Aen.
935 3738 1023 3810 VSI)
1052 3739 1169 3806 ‘Salue
1190 3749 1223 3806 et
1244 3739 1318 3804 uale
1340 3736 1522 3803 secundum

405 3841 587 3907 Varronem
614 3839 650 3904 in
676 3838 873 3924 logistoricis
908 3862 1094 3928 synonyma
1122 3846 1226 3906 sunt'
1278 3839 1372 3908 Idem
1397 3839 1455 3907 XI
1483 3849 1522 3910 97

406 3942 529 4007 ‘Varro
558 3942 592 4006 in
620 3939 713 4006 libris
742 3939 942 4025 logistoriois
971 3941 1067 4026 dicit,
1091 3942 1173 4018 ,ideo
1201 3944 1339 4008 mortuis
1370 3941 1465 4007 salue
1493 3948 1524 4006 et

478 4111 685 4180 [TANAQVIL]
724 4113 768 4164 CI.
786 4113 908 4180 prolegg.
928 4129 955 4180 p.
973 4115 1006 4166 38
1024 4117 1125 4169 11012,
1160 4115 1295 4168 INonius
1314 4115 1362 4165 166
1380 4131 1403 4168 s.
1422 4129 1451 4166 u.
1471 4115 1525 4165 Ru-

407 4181 518 4232 minari.
537 4183 707 4248 cogitauit
724 4181 763 4247 N,
784 4197 853 4236 corr.
871 4181 1015 4234 'Purncbus
1043 4183 1230 4234 ruminabit
1251 4188 1341 4234 tuam
1359 4182 1525 4234 Klussman-

408 4263 458 4299 nus
477 4265 541 4301 ann.
558 4249 654 4315 philol.
672 4249 738 4301 XIV
756 4250 822 4300 1848
844 4266 871 4316 p.
889 4251 950 4302 479.
985 4249 1073 4302 Iamb.
1091 4255 1175 4318 soptt.
1193 4251 1333 4302 Vahlenus
1351 4267 1377 4317 p.
1395 4253 1429 4302 13
1448 4251 1527 4302 insti-

407 4318 474 4379 tuit3
507 4317 631 4368 Kochius
655 4333 714 4368 cxx.
735 4318 807 4368 critt.
832 4333 858 4384 p.
882 4320 914 4369 31
942 4319 1030 4369 trech.
1054 4323 1126 4385 sept.
1152 4320 1306 4386 inceperat.
1333 4345 1366 4355 —
1393 4317 1526 4370 Saturam

410 4383 544 4435 Oehlerus
563 4389 591 4436 et
608 4385 779 4436 Eltschelius
797 4386 830 4435 de
849 4386 954 4452 logistt.
972 4404 999 4452 p.
1018 4385 1083 4441 XIV
1101 4387 1234 4438 dixerunt.
1254 4415 1285 4424 -
