3280 5306
683 454 841 514 VARRONIS
1254 445 1318 511 269

222 629 272 693 83.
296 623 369 689 Non
384 645 464 707 quae
475 626 528 686 nel
543 634 618 705 quot
634 625 755 703 legeris,
772 621 828 685 ssd
844 641 926 704 quae
941 621 992 682 uel
1008 631 1083 701 quot
1096 620 1202 682 scieris
1218 627 1316 680 atten-

299 711 443 772 dandum.

222 801 272 863 84.
295 797 347 856 Nil
363 797 452 857 nouit
467 795 519 875 qui
534 813 633 874 aeque
649 794 760 854 omnia.

222 883 273 946 85.
297 879 366 941 0116
381 888 556 940 transcursa
571 879 658 939 citius
674 877 826 938 labuntur.
848 884 856 900 ·

223 970 273 1032 86.
297 965 348 1025 816
363 965 451 1026 multi
466 963 558 1036 libros
575 963 748 1044 degustant,
764 971 798 1023 ut
813 959 1114 1024 conuiuae'delicias.

223 1054 272 1117 87.
297 1049 413 1110 Renuit
427 1049 625 1130 philosophia
639 1047 853 1108 fastidientem
868 1045 1071 1122 stomachum,
1094 1042 1135 1104 ad
1150 1043 1319 1125 simplicem

298 1153 406 1194 cenam
426 1134 555 1194 hilarem
580 1133 692 1192 inuitat
706 1133 882 1206 conuiuam,
909 1131 965 1192 sed
986 1139 1083 1192 mutat
1104 1150 1159 1211 pro
1180 1139 1318 1210 ternpore

298 1217 476 1278 deliciarum
491 1219 679 1278 uarietatem.

223 1305 272 1364 88.
295 1303 401 1364 Nescit
417 1323 478 1384 quo
494 1301 611 1376 tendat,
629 1302 681 1383 qui
696 1301 804 1364 multas
819 1301 956 1382 sequitur
972 1300 1106 1362 semitas.

211 1392 272 1454 89.
296 1389 431 1451 Tantum
452 1407 526 1448 uasa
546 1388 697 1462 retinent,
722 1386 829 1468 quanti
850 1386 977 1466 capacia
997 1393 1084 1462 sunt3
1107 1382 1214 1446 addita
1240 1402 1319 1444 ema-

296 1482 383 1533 nant.
980 1491 988 1504 ··
1064 1513 1067 1520 -

222 1559 272 1622 90.
295 1558 367 1618 Non
384 1575 585 1638 quascunque
602 1557 691 1632 suns,
708 1557 836 1637 suscipit
852 1564 883 1616 et
898 1557 1053 1618 memoria.

224 1643 273 1702 91.
298 1641 416 1703 Canale
431 1643 534 1704 lissum
551 1649 599 1702 est
614 1641 712 1716 auris,
733 1661 815 1723 quae
836 1648 964 1722 accepta
977 1641 1142 1702 memoriae
1161 1657 1319 1700 116116616-

298 1725 435 1788 mandat.

224 1813 274 1872 92.
299 1813 456 1892 Nusquam
473 1810 630 1885 deueniet,
648 1812 700 1892 qui
716 1818 790 1893 quot
804 1810 890 1872 uidet
905 1810 1042 1891 seqnitur
1058 1809 1161 1872 calles.

224 1914 274 1973 98.
299 1909 411 1973 Omnia
432 1911 572 1973 omnibus
593 1912 644 1972 nel
666 1931 768 1992 paene
789 1912 922 1988 adimam
946 1911 1166 1992 pauperculum
1193 1930 1232 1970 ex
1258 1930 1321 1972 non

300 1996 452 2077 ademptis
475 1995 601 2056 diuitem
619 1994 802 2075 appellabis.
832 1997 890 2058 Est
901 1997 993 2075 igitur
1014 1995 1178 2075 pauperies
1199 1995 1321 2054 minori-

297 2080 353 2140 bus
370 2081 533 2160 ampliores
553 2081 683 2140 aliorum
704 2080 842 2141 diuitiae.
879 2080 1023 2140 Felicitas
1049 2090 1080 2138 et
1097 2080 1263 2140 infelicitas
1284 2098 1322 2138 cx

304 2165 548 2244 comparatione,
572 2185 635 2224 non
657 2163 828 2224 secundnm
842 2183 876 2224 se
892 2151 973 2224 suNt.
1009 2163 1042 2224 81
1064 2183 1154 2223 nemo
1175 2165 1246 2243 plus
1269 2164 1321 2222 mi·

300 2268 398 2310 nasus
414 2249 475 2308 alio
491 2248 659 2327 possideat,
677 2250 737 2308 iam
751 2249 830 2309 haec
845 2248 923 2308 nihil
937 2257 1024 2324 sunt,
1042 2267 1080 2308 ex
1095 2246 1215 2307 inuidia
1229 2248 1323 2327 igitur

300 2335 490 2414 paupertatis
507 2353 619 2395 nomen
634 2335 814 2412 profectum.

226 2419 276 2478 94.
299 2419 370 2482 Non
386 2437 521 2479 essemus
536 2437 700 2498 pauperes,
714 2419 740 2478 si
756 2418 942 2478 nesciremus
958 2417 1034 2498 quid
1050 2425 1132 2478 esset
1147 2423 1321 2496 paupertas.

227 2504 277 2564 95.
301 2503 430 2564 Nescire
447 2502 522 2584 qnid
538 2504 578 2562 sit
598 2510 765 2583 paupertas
782 2503 914 2584 optimus
930 2510 977 2564 ast
994 2501 1034 2562 ad
1050 2520 1181 2562 summas
1197 2501 1322 2563 diuitias

300 2605 490 2668 progressus.
1123 2607 1132 2618 ·

133 2691 139 2718 1
227 2675 276 2732 96.
299 2673 372 2732 Non
388 2682 435 2733 est
449 2673 550 2746 miser,
567 2672 627 2733 nisi
644 2674 695 2753 qui
711 2691 746 2734 se
762 2691 831 2734 esse
846 2673 953 2734 credit.

227 2759 277 2818 97.
300 2757 356 2818 Vis
370 2757 437 2817 fieri
453 2755 566 2818 diues?
588 2757 641 2818 Nil
657 2758 823 2838 cogitando
839 2758 896 2818 tibi
911 2755 1019 2832 addas,
1036 2757 1093 2818 sed
1109 2757 1177 2819 aliis
1193 2755 1307 2818 demas.

227 2844 277 2902 98.
301 2843 350 2902 lilx
364 2842 495 2903 minimis
510 2862 625 2903 morum
641 2862 761 2904 sumere
782 2844 872 2922 signa
886 2842 968 2903 licet.
1070 2865 1073 2874 ¹

228 2929 278 2987 99.
301 2927 382 2987 Dum
403 2926 513 3006 uulgus
529 2928 611 2987 colat
631 2928 791 3002 iustitiam,
814 2929 860 2988 nil
881 2929 1011 2989 interest
1031 2935 1130 2988 utrum
1145 2947 1221 2989 uera
1236 2947 1323 3008 prae-

301 3011 395 3073 dices.

208 3099 277 3159 100.
300 3097 455 3159 Timorem
470 3099 575 3159 mortis
591 3098 685 3179 uulgo
701 3119 764 3158 non
782 3095 873 3174 demi,
890 3099 947 3160 sed
962 3100 1077 3179 augeri,
1092 3100 1138 3159 uti
1154 3083 1324 3178 experiren-

300 3183 370 3257 tius,
388 3191 516 3262 oportet.

209 3268 279 3325 101.
302 3265 402 3326 Multa
417 3267 474 3327 scit
487 3268 622 3346 sapiens,
640 3285 720 3347 qnae
736 3287 804 3329 curn
820 3267 943 3328 nemine
959 3267 1098 3330 contulit.

209 3350 279 3408 102.
303 3349 352 3408 Nx
367 3350 515 3411 meditato
530 3371 594 3411 non
611 3351 732 3412 duceris
747 3353 780 3412 in
796 3371 926 3413 causam.

210 3435 280 3494 103.
304 3433 426 3511 Lingua
440 3443 543 3494 mente
559 3436 669 3517 cuique
684 3437 846 3498 nocentius
863 3445 920 3497 est.

209 3519 279 3579 104.
304 3518 375 3579 Non
389 3517 550 3581 rimaberis
564 3520 683 3580 uiscera
698 3520 738 3581 ad
754 3519 933 3596 uidendum,
951 3521 1025 3601 quid
1040 3521 1188 3582 senseris.

210 3605 280 3664 106.
303 3602 480 3748 Adbmores
505 3610 536 3664 61
563 3605 726 3685 opiniones
751 3604 944 3668 audientium
966 3607 1106 3688 prudens
1131 3605 1325 3667 1166661161-

303 3707 352 3747 rna
373 3688 407 3747 11.
949 3692 951 3696 ’

209 3773 340 3833 106111
366 3773 495 3851 singulis
528 3773 680 3836 excellcre
711 3784 740 3836 et
769 3774 888 3838 nullum
919 3775 1325 3858 6161116111616166666116

305 3877 396 3938 quam
412 3857 622 3920 difficillimum
637 3865 711 3922 est*
1162 3925 1168 3932 ,

210 3944 279 4003 107.
303 3943 449 4003 Innatum
473 3950 520 4004 est
541 3944 651 4024 cuique
671 3945 733 4005 suis
754 3945 887 4007 moribus
915 3947 1055 4026 gloriari:
1084 3947 1188 4008 differt
1213 3955 1323 4023 autem,

303 4026 387 4108 quod
402 4029 528 4109 sapiens
544 4027 629 4110 apud
643 4048 687 4104 se,
703 4031 837 4112 imperiti
852 4034 884 4093 in
899 4031 1031 4114 publico.

208 4194 239 4248 81
263 4209 399 4248 coenam
423 4195 502 4252 codd.
525 4223 556 4234 —
591 4198 659 4250 886
682 4200 842 4266 septenario
864 4200 1007 4252 trochaico
1035 4203 1124 4252 ortum
1153 4197 1271 4253 uidetur.
1294 4227 1325 4238 —-

210 4265 243 4314 90
262 4268 295 4314 61
313 4279 363 4318 orn.
378 4265 409 4318 Λ.
423 4289 454 4301 -
478 4268 609 4332 9966116
628 4265 753 4320 66191,-
771 4267 955 4334 ampliores
974 4268 1182 4330 minorumnr
1202 4273 1278 4320 recte
1297 4270 1326 4320 in

208 4330 240 4381 P.
254 4355 285 4366 -
305 4331 476 4383 Felicitas
496 4367 543 4386 ...
563 4347 599 4384 ae
618 4339 695 4384 suut
717 4339 824 4386 tanturn
845 4337 876 4386 iu
897 4335 1049 4386 Parisionsi
1075 4337 1141 4388 8642
1169 4340 1273 4389 extant
1297 4363 1325 4373 ·-

209 4399 243 4449 98
266 4403 309 4448 661
331 4405 511 4464 pentameter.
531 4425 572 4450 -,
600 4403 648 4454 109
671 4401 868 4455 mediatori
897 4403 1200 4470 praeureditatoP.
1220 4431 1251 4442 -
1307 4427 1326 4462 a
