3288 5300
622 464 749 520 unrvr
781 464 802 520 n
1204 535 1209 550 Ι
1231 457 1271 537 81

154 627 262 694 Huius
277 625 378 692 medii
392 626 521 712 generis
538 636 616 692 sunt
631 648 659 691 e.
676 648 703 690 c.
719 625 803 690 Bim.
819 625 866 690 II.
888 625 988 692 Herc.
1004 633 1029 692 t.
1041 625 1067 690 f.
1083 626 1110 690 I.
1132 626 1271 714 Marcip.

154 728 291 795 II—-VL
320 733 405 811 Ταφ.
430 731 517 792 Μεν.
541 727 573 810 I3
604 750 752 792 seueram
780 738 891 793 autem
913 728 1043 794 omnino
1073 740 1177 795 artem
1198 752 1272 816 pro-

154 832 287 896 fitentur
305 822 419 911 Ἁνθρ.
444 830 471 894 Ι.
515 819 623 896 tinae
654 830 787 896 I-IV.
830 829 893 895 Est
926 854 970 895 m.
998 853 1041 896 m.
1064 831 1091 896 I.
1128 830 1222 897 Glor.
1243 831 1271 895 I.

153 930 242 998 Mod.
257 931 363 997 Ι-ΙΙ,
377 926 449 996 Ὅν.
466 926 542 1016 trip.
558 931 705 996 I-VIII
719 931 776 1018 (de
798 931 1090 1020 ‘orthdpsalticum’
1111 955 1143 998 u.
1159 956 1191 1021 p.
1204 932 1272 1018 90).

154 1035 262 1098 Parm.
284 1035 312 1100 I.
347 1033 463 1100 Prans.
491 1056 523 1120 p.
545 1035 572 1100 I.
605 1037 728 1116 Σκιαμ.
752 1033 780 1097 Ι.
829 1035 931 1099 Vides
960 1035 1117 1101 maiorem
1145 1021 1297 1122 partem*

154 1145 293 1219 restare,
322 1158 405 1222 quae
433 1135 515 1200 dura
548 1133 606 1198 illa
637 1143 786 1200 ueterum
809 1137 1032 1202 scaenicorum
1059 1137 1272 1203 rationetur-

154 1247 240 1302 mata
262 1237 351 1326 sit¹).
382 1237 505 1318 Quinto
527 1235 611 1322 pede
633 1237 723 1323 quod
746 1239 910 1325 spondeus
933 1237 1104 1324 praeualet
1124 1247 1162 1302 ut
1184 1239 1273 1325 apud

153 1339 312 1404 iambicos
337 1362 448 1406 omnes
472 1338 531 1425 (cf.
553 1337 728 1403 Bentleius·
745 1339 780 1404 in
801 1339 884 1405 Hor.
908 1339 1010 1405 Serm.
1034 1341 1069 1405 II
1092 1352 1122 1421 5,
1147 1341 1214 1424 79),
1237 1339 1273 1404 id

153 1440 299 1524 Langius
322 1440 356 1504 in
378 1440 637 1521 Quaestionibus
665 1441 808 1505 metricis
838 1443 972 1507 Bonnae
1002 1451 1081 1513 1851
1107 1441 1203 1508 editis
1226 1442 1274 1506 ita

154 1543 337 1607 accuratius
361 1540 512 1606 definiuit
526 1565 558 1628 p.
575 1553 625 1611 41.
642 1550 693 1625 46,
710 1552 748 1607 ut
769 1553 864 1608 sexta
878 1566 1033 1608 uersuum
1056 1553 1149 1630 parte
1171 1566 1272 1630 purus

154 1643 282 1709 iambus
304 1643 508 1725 inueniatur,
537 1665 596 1730 pro
620 1667 685 1731 qua
706 1654 857 1731 quartam
878 1646 999 1711 rectius
1023 1655 1149 1732 partem
1172 1645 1273 1727 dices,

154 1744 218 1809 uid.
246 1744 377 1828 adnot.;
411 1767 473 1810 nec
498 1755 609 1810 tamen
637 1745 740 1812 multo
772 1748 879 1814 rarior
910 1748 945 1811 in
976 1747 1090 1833 primo*
1109 1757 1142 1813 et
1175 1747 1273 1813 tertio

155 1847 235 1932 pede
259 1845 425 1934 spondeus
449 1856 510 1911 est.
540 1847 692 1912 Ceterum
707 1849 793 1913 inter
815 1849 921 1936 quinti
942 1849 1036 1936 pedis
1058 1850 1186 1916 iambos
1210 1849 1274 1914 duo

156 1958 282 2015 tantum
306 1957 394 2031 sunt,
417 1948 474 2014 ubi
495 1971 611 2014 uersus
636 1949 763 2016 duabus
787 1953 926 2018 uocibus
948 1951 1108 2033 iambicis,
1131 1950 1274 2037 pessimo

155 2049 208 2114 illo
232 2051 435 2116 senariorum
450 2050 542 2115 exitu
558 2051 616 2136 (cf.
632 2051 831 2118 Ritscheliue
847 2052 995 2140 prolegg.
1012 2053 1103 2117 Trin.
1120 2075 1152 2139 p.
1169 2052 1273 2140 CCX)

156 2151 332 2216 clauditur:
348 2143 417 2216 ”On
434 2150 507 2233 trio.
525 2152 575 2218 IV
599 2145 693 2235 (ὄνος
716 2149 834 2241 λύρας)
858 2163 891 2218 et
913 2155 1021 2218 Parm.
1037 2153 1073 2218 Π
1097 2155 1273 2240 (strepunt,

155 2256 272 2341 bount')
280 2254 320 2340 ²),
344 2276 428 2340 quae
456 2255 495 2318 L.
517 2253 712 2320 Muellerum
733 2279 765 2342 p.
790 2265 852 2324 414
874 2256 1075 2339 effugerunt,
1099 2277 1172 2319 cum
1194 2255 1275 2319 talia

156 2355 296 2422 Varroni
328 2356 459 2420 omnino
487 2355 700 2421 abiudicaret.
756 2357 823 2438 Qui
856 2355 954 2420 simili
986 2355 1167 2422 infortunio
1201 2377 1276 2420 eum

157 2479 187 2542 p.
210 2467 271 2528 423
303 2457 513 2543 anapaestica
539 2460 643 2525 uerba
670 2481 690 2522 a
712 2458 855 2523 secundo
883 2457 1086 2522 senariorum
1115 2458 1273 2523 Varronis

156 2558 236 2645 pede
258 2569 402 2639 arceret,
431 2557 520 2623 Mod.
543 2559 605 2624 Xl.
631 2559 662 2644 (r
676 2553 694 2625 .‘
709 2559 869 2644 copr'tz's)
892 2560 988 2624 Eum.
1009 2558 1105 2624 XLV
1129 2558 1196 2642 (sed
1221 2562 1276 2624 ads
1371 2597 1373 2601 ·

156 2662 393 2748 simulatque)
411 2662 503 2748 Sesq.
515 2661 568 2725 XI
583 2661 637 2727 all.
652 2661 771 2727 omisit.
783 2701 827 2711 —-
842 2660 1002 2726 (laesuras
1021 2661 1124 2726 Varro
1140 2661 1276 2727 adhibet

156 2774 285 2848 praeter
307 2761 601 2850 hephthemimerin
620 2773 653 2828 et
667 2763 937 2851 penthemimerin
953 2764 1050 2828 etiam
1065 2773 1140 2850 post
1162 2785 1275 2828 secun·

157 2865 228 2930 dam
251 2865 354 2928 arsim
375 2863 426 2928 uel
450 2877 527 2950 post
555 2875 706 2951 quartam
733 2864 786 2929 uel
807 2875 883 2952 post
903 2874 1076 2952 utramque
1098 2876 1135 2930 ut
1157 2866 1192 2929 in
1214 2865 1275 2930 hoc

158 2975 200 3032 ‘ut
213 2973 332 3044 comici,
350 2972 511 3049 cinaedici,
533 2974 696 3032 scenatici'
717 2959 802 3053 (Ὅν.
815 2961 888 3049 trio.
899 2967 981 3052 VII)
989 3017 998 3050 ‚
1015 2989 1079 3054 qua
1093 2967 1276 3033 iamborum

156 3186 254 3259 denitur
270 3209 402 3274 spondeus
420 3207 565 3257 insedibus
581 3209 688 3272 parthus
706 3226 809 3274 quorum
827 3213 944 3274 eaeemplu
961 3209 1039 3258 leudes
1053 3209 1176 3272 Agathd
1195 3206 1276 3273 [quod

158 3296 277 3358 spurium
304 3289 394 3358 dic0],
418 3292 504 3342 Parra.¹
530 3293 543 3340 1
568 3287 606 3356 [1‚
629 3294 677 3344 ubi
704 3293 806 3343 falsam
831 3293 944 3344 Oehleri
971 3293 1118 3342 lectionem
1143 3294 1277 3356 sequitur.

108 3412 112 3423 ι
156 3379 228 3430 Vera
246 3377 376 3442 exempla
394 3392 478 3442 supra
497 3375 592 3441 affero]
612 3385 638 3428 et
654 3395 767 3443 maynum
783 3379 984 3442 fragmentorum
996 3393 1130 3439 numerum,
1143 3379 1168 3426 iu
1187 3377 1277 3442 quibus

157 3479 208 3513 cum
226 3481 261 3515 ea·
284 3479 336 3513 uno
357 3468 453 3512 tantum
474 3465 516 3512 uel
538 3465 612 3511 etiam
634 3463 730 3512 derebus
753 3469 871 3513 constent
894 3463 1020 3518 uersibus,
1043 3464 1119 3510 semel
1141 3462 1215 3512 modo
1237 3463 1278 3510 uel

156 3551 292 3598 secundum
309 3550 351 3596 uel
367 3553 483 3612 quartum
498 3548 589 3612 pedem
606 3553 715 3611 occreput
732 3549 881 3610 spondeus&

241 3631 267 3698 1)
290 3633 400 3682 lambos
419 3632 528 3696 repperi
546 3632 574 3680 in
598 3633 684 3694 primo
704 3631 773 3695 pede
793 3634 840 3695 31,
860 3631 889 3680 in
908 3631 995 3682 altero
1014 3633 1058 3687 85,
1083 3631 1112 3679 in
1130 3631 1215 3681 tertio
1234 3633 1276 3694 31,

157 3718 184 3766 in
203 3723 304 3783 quarto
323 3719 364 3780 91,
384 3718 412 3765 in
432 3717 527 3779 quinto
546 3718 592 3773 3⁴2;
616 3716 751 3780 spondeos
770 3718 802 3767 88
821 3745 852 3752 —
865 3719 898 3767 35
911 3744 942 3751 -
961 3719 992 3767 91
1014 3743 1041 3752 -
1063 3717 1095 3765 39
1116 3743 1144 3751 -
1164 3718 1209 3777 99;
1229 3715 1277 3764 tri-

158 3802 276 3867 brachys
299 3804 315 3851 2
335 3827 367 3836 -
386 3804 402 3851 u
419 3827 452 3836 —-
470 3801 486 3849 6
504 3827 536 3836 —
556 3801 570 3848 1
589 3797 706 3864 (lGlor.
726 3799 751 3866 Ι)
775 3828 807 3836 —
825 3804 854 3863 03
886 3803 1054 3866 anapaestos
1078 3803 1109 3848 12
1127 3827 1158 3834 —
1178 3801 1277 3849 5-2

157 3914 188 3922 —
206 3891 221 3938 3
240 3914 274 3923 -
295 3890 310 3937 3
331 3886 427 3951 (quare
444 3888 476 3934 L.
490 3885 641 3935 Muellerus
659 3901 685 3949 p.
700 3886 749 3935 153
768 3885 840 3935 salso
859 3886 927 3934 dicit
938 3887 1090 3935 Varronem
1109 3884 1199 3948 prima
1217 3886 1276 3931 tan·

158 3974 213 4022 turn
237 3985 336 4022 uersus
360 3976 438 4036 parte
463 3975 644 4035 anapaestum
668 3985 784 4033 ponere3
814 3972 850 4023 cl.
869 3970 946 4021 Eum.
966 3970 1015 4018 XI.
1045 3969 1123 4031 Seeq.
1146 3967 1223 4019 XIII.
1245 3993 1277 4004 —

158 4055 207 4122 Ag.
226 4058 273 4107 VI.
293 4056 411 4120 Papiap.
423 4057 445 4109 I.
466 4056 566 4120 Sexag.
580 4055 653 4104 XXI.
674 4082 706 4089 -
724 4055 796 4104 Mod.
810 4056 857 4104 XI.
877 4055 954 4116 Sesq.
969 4053 1046 4103 XIII.
1066 4053 1097 4101 Τ.
1116 4067 1199 4114 neco.
1211 4069 1235 4102 τ.
1248 4067 1276 4102 π.

158 4141 179 4189 1.
198 4142 268 4192 adde
289 4142 357 4191 duos
375 4141 404 4189 in
417 4139 645 4190 Hebdomadibus
657 4138 779 4202 uersus);
799 4138 927 4203 dactylos
940 4140 955 4188 6
968 4165 999 4173 -
1013 4140 1028 4188 7
1041 4163 1073 4172 -
1088 4138 1119 4186 14
1132 4163 1162 4172 -
1178 4138 1193 4186 7
1207 4163 1238 4171 -
1248 4138 1277 4197 ὃς

158 4225 437 4290 proceleusmaticum
455 4239 538 4274 unum
557 4228 665 4274 tanturn
684 4223 817 4288 inprime
836 4225 907 4289 pedo
928 4223 1018 4288 (Sesq.
1036 4221 1113 4286 XII).

242 4309 270 4374 2)
295 4308 445 4360 Addendus
472 4323 568 4359 uersus
596 4309 630 4360 de
660 4309 859 4373 compositione
884 4312 1040 4358 saturarum
1065 4307 1101 4370 (u.
1124 4324 1151 4372 p.
1170 4305 1214 4372 46)
1237 4306 1278 4358 ita

158 4393 301 4446 desinens:
326 4397 427 4446 ‘Venus
445 4395 534 4458 capit’.

210 4495 300 4545 Riese,
316 4493 421 4536 Varronis
435 4493 528 4537 Salinae.
996 4461 1007 4494 l
1055 4483 1075 4550 6
