3280 5306
642 476 848 534 LllGlS'llllllCl
1158 515 1163 524 ·
1239 470 1302 533 249

729 639 763 704 Χ

271 744 348 806 Cum
371 742 476 829 primo
494 743 568 807 cibo
591 751 624 806 et
645 743 779 829 potione
802 742 971 808 initiarent
987 765 1117 829 pueros,
1141 740 1301 805 sacrifica-

185 844 308 909 bantur
330 845 373 909 ab
395 842 547 911 edulibus
571 844 721 926 Edusae,
744 867 766 908 a
786 844 921 931 potione
943 844 1082 910 Potinae
1104 842 1252 910 nutricis.

722 963 773 1028 XI

270 1064 394 1130 Nutrix
414 1065 495 1130 haee
523 1066 632 1131 omnia
654 1065 798 1132 faciebat
826 1066 860 1130 in
881 1066 1034 1132 uerbenis
1059 1088 1097 1131 ac
1120 1067 1207 1131 tubis
1231 1067 1301 1132 sine

185 1167 311 1251 hostia,
335 1178 371 1233 ut
395 1165 462 1232 lleli
485 1168 528 1232 ad
550 1165 714 1254 Apollinis
739 1169 895 1235 Genetiui
918 1190 1020 1235 aram.

269 1388 338 1453 Alii
360 1351 516 1454 adierunt
537 1387 641 1456 libum
663 1287 915 1456 aelluIrIundam.

268 1609 394 1677 Nonius
429 1619 491 1682 532
529 1610 737 1677 ‘Statilinum
769 1620 802 1677 et
836 1610 1008 1678 Statanum
1041 1621 1075 1676 et
1108 1609 1303 1678 Fabulinum

184 1711 345 1800 praesidis
368 1713 456 1778 Deos
478 1713 587 1780 Varro
611 1713 692 1779 (lato
719 1711 772 1778 uel
795 1713 835 1778 de
857 1711 970 1779 liberis
994 1712 1172 1778 educandis
1195 1714 1303 1800 pueri-

187 1814 287 1879 litatis
311 1814 469 1880 affirmat:
495 1816 553 1880 Vti
576 1815 713 1882 Statano
742 1823 776 1880 et
803 1815 973 1900 Statilino,
1007 1838 1144 1902 quorum
1171 1817 1304 1880 nomina

184 1916 306 1982 habent
333 1917 457 2004 scripta
483 1916 670 2004 pontifices,
700 1917 747 1984 sic
776 1918 976 2004 cumprime
1005 1917 1070 1982 fari
1090 1916 1302 2005 incipiebant,

186 2017 417 2083 sacrificabant
439 2019 516 2084 diuo
538 2017 726 2086 Fabulino?

703 2136 787 2203 XIV

270 2237 353 2304 Cum
381 2237 491 2303 cibum
524 2260 563 2303 ac
590 2238 756 2324 potionem
786 2239 870 2305 buas
899 2261 937 2304 ac
963 2261 1090 2326 pappas
1123 2248 1244 2306 uoecnt
1271 2249 1303 2304 et

185 2351 324 2406 matrem
347 2360 538 2422 mammam,
561 2348 689 2428 patrem
712 2349 826 2406 tetam.

708 2477 773 2542 XV

268 2579 315 2644 Vt
337 2578 464 2644 faciunt
490 2577 681 2667 pleraeque,
709 2587 747 2644 ut
773 2579 953 2646 adhibeant
975 2579 1215 2666 praeeantrices
1244 2601 1304 2644 nec

185 2680 311 2747 medico
335 2681 517 2748 ostendant.

702 2781 787 2849 XVI

267 2885 315 2952 Vt
337 2886 410 2951 cibo
439 2894 553 2951 utatur
574 2884 703 2951 modico
732 2895 765 2951 et
793 2885 927 2971 idoneo,
958 2896 995 2952 ut
1024 2887 1107 2952 uitet
1129 2886 1235 2969 acria,
1265 2896 1303 2952 ut

186 2998 237 3055 est
259 2987 381 3076 sinapi,
402 3009 500 3076 cepa,
524 2985 633 3052 alium.

693 3089 797 3157 XVII

268 3191 396 3256 Gellius
419 3191 468 3257 IV
493 3201 532 3262 19
555 3192 691 3258 ‘Pueros
714 3193 854 3279 inpubes
878 3202 1082 3279 compertum
1104 3204 1165 3276 est,
1189 3195 1217 3258 si
1231 3192 1302 3280 plu·

183 3292 266 3356 rimo
290 3293 364 3358 cibo
392 3293 557 3378 nimioque
587 3315 701 3358 somno
729 3302 916 3376 uterentur,
945 3293 1130 3360 hebetiores
1160 3295 1231 3360 lieri
1260 3296 1303 3358 ad

183 3391 309 3457 ueterni
332 3415 436 3479 usque
458 3403 517 3457 aut
544 3391 627 3457 eluci
649 3392 856 3476 tarditatem,
889 3417 1092 3481 corporaque
1121 3418 1233 3462 eorum
1254 3397 1302 3460 in-

183 3515 321 3581 procera
342 3493 414 3558 fieri
436 3494 608 3580 minusque
630 3495 829 3561 adolescere.
873 3495 966 3561 Idem
988 3497 1136 3584 plerique
1159 3497 1215 3562 alii
1238 3520 1302 3562 me-

183 3596 331 3662 dicorum
353 3594 687 3683 philosophorumque
710 3607 743 3662 et
764 3597 810 3662 M.
826 3597 935 3663 Varro
957 3598 993 3664 in
1013 3597 1201 3685 logistorieo
1223 3601 1302 3664 seri-

182 3699 266 3787 psit,
289 3698 346 3784 qui
368 3697 547 3784 inscriptus
567 3708 617 3763 est
640 3697 742 3764 Catus
766 3709 823 3765 aut
845 3699 887 3765 de
909 3700 1021 3767 liberis
1044 3701 1248 3768 educandis?

182 3890 311 3956 I'Ingere.
337 3891 372 3939 at
388 3887 411 3938 L
430 3902 463 3938 m.
484 3903 506 3940 s.
525 3887 560 3938 W
580 3888 706 3940 euadat
723 3889 756 3943 N.
809 3890 1109 3946 XNonius108s.u.
1135 3893 1255 3944 Edusam
1274 3897 1303 3943 et

182 3957 318 4009 Potinam.
354 3954 422 4006 Cum
509 3956 619 4007 nutrici.
638 3954 735 4024 primo]
755 3973 812 4024 pro
831 3959 856 4009 N
890 3959 1045 4012 Asdusae
1064 3961 1088 4013 N
1108 3977 1124 4010 a
1142 3961 1260 4026 potina
1278 3963 1302 4012 N

182 4025 350 4076 Pontinas
371 4025 501 4075 nutrici
519 4025 552 4076 N.
567 4053 600 4062 -
617 4025 722 4077 Nonius
739 4027 790 4077 480
808 4041 831 4080 s.
843 4042 868 4077 u.
893 4025 1060 4079 sacrificari.
1098 4027 1165 4080 Cum
1185 4069 1233 4084 ...
1253 4045 1301 4080 nu-

97 4105 104 4118 ¹
182 4093 256 4146 trici.
283 4090 355 4159 cibo]
375 4092 469 4144 ribus
488 4093 513 4144 N
534 4093 727 4144 AedusaeN
746 4094 891 4146 Potinae
910 4112 963 4152 om.
979 4097 1005 4148 N
1022 4097 1302 4152 nutriciN.Ed11·

183 4177 242 4212 eae
261 4160 399 4214 Prellerus
450 4160 490 4212 XI
509 4161 666 4214 Macrobius
685 4161 755 4213 Satt.
775 4163 817 4214 111
832 4155 901 4228 'aa
928 4161 1050 4232 [Varro
1074 4165 1135 4220 add.
1153 4163 1301 4232 Menrsius]

183 4229 252 4279 Cato
271 4231 305 4280 de
323 4229 418 4280 liberis
437 4229 597 4282 educandis.
649 4231 703 4282 XII
721 4231 824 4283 Nonius
836 4233 886 4284 552
899 4247 920 4284 s.
935 4247 959 4284 u.
979 4233 1119 4284 Turunda.
1172 4233 1240 4285 XIII
1251 4233 1302 4284 uti

182 4298 282 4364 scripsi
301 4296 348 4379 ali
366 4297 390 4349 N
409 4296 475 4348 alii
494 4298 632 4350 Prellerus
685 4299 751 4384 XIV
768 4299 873 4376 Nonius
891 4301 998 4352 81.u.
1017 4301 1100 4354 Buas.
1126 4303 1301 4383 doeentnN.

182 4365 232 4485 {Oli
249 4367 770 4506 {opimaessqtsesfflqinil’rpieppqtpcNes.
796 4369 982 4446 ostendunt
999 4371 1032 4428 N.
1108 4371 1174 4426 XVI
1196 4371 1300 4424 Nemus
