3274 5296
647 471 776 529 CAPVT
804 473 814 528 l
1246 469 1290 535 49

171 656 244 698 eum
273 632 447 714 scriberet,
482 632 547 698 alia
576 633 646 698 eius
675 635 710 698 in
731 633 851 720 uulgus
881 635 946 699 iam
973 646 1051 702 nota
1079 647 1187 723 erant3
1222 640 1288 704 iam

165 734 257 800 enim
279 733 479 802 ‘libellionis'
503 736 593 800 fama
621 736 802 820 fruebatur,
826 737 868 802 cf.
893 737 939 823 fg.
955 737 997 802 V.
1032 739 1073 805 V.
1090 739 1190 807 etiam
1211 742 1286 807 adu.

169 837 213 903 ad
236 835 501 922 Κοσμοτορύνης
522 838 569 923 fg.
585 838 644 904 VI.
679 882 696 906 .

254 937 347 1004 Haeo
377 939 418 1005 de
447 939 568 1005 saturis
598 940 737 1007 dicenda
765 950 868 1006 erant.
919 941 1012 1024 Quae
1041 944 1195 1030 quoniam
1217 945 1287 1013 fato

168 1040 350 1107 miserabili
383 1063 518 1129 prorsus
552 1043 646 1108 nobis
676 1043 885 1124 interierunt,
922 1052 1025 1110 restat
1054 1047 1287 1132 quaerendum,

169 1165 340 1230 quousque
368 1154 401 1209 et
429 1143 591 1230 aquibus
620 1144 807 1212 hominibus
837 1144 940 1210 lectae
968 1146 1048 1230 sint,
1082 1171 1155 1214 cum
1183 1151 1287 1236 ipsius

168 1244 217 1310 rei
240 1267 355 1328 causa,
379 1255 449 1311 tum
471 1255 508 1312 ut
530 1268 782 1331 cognoscamus,
805 1246 892 1311 unde
913 1247 1064 1314 notitiam
1088 1273 1201 1316 earum
1223 1263 1288 1319 tra-

168 1347 296 1430 xerint,
332 1348 388 1434 qui
416 1347 542 1430 minuta
568 1347 625 1412 illa
652 1347 794 1414 frustula
821 1349 916 1415 nobis
945 1362 1128 1419 seruarunt.
1177 1354 1287 1420 Aliam

101 1520 104 1542 ι
168 1450 255 1514 enim
283 1449 387 1514 fuisse
410 1439 597 1514 saturarum
619 1460 740 1516 sortem
762 1471 859 1537 quam
881 1450 1048 1544 doctrinae
1063 1453 1288 1522 Varronianae

167 1574 233 1616 non
250 1549 387 1616 difficile
409 1549 622 1637 intellegitur,
645 1574 729 1639 quae
744 1551 893 1618 omnibus
910 1554 1132 1622 Romanorum
1147 1557 1286 1623 saeculis

168 1651 344 1738 diligenter
359 1675 379 1718 a
393 1653 474 1716 uiris
489 1654 593 1720 doctis
616 1663 756 1720 tractata
771 1665 832 1720 est.
866 1655 1001 1722 Saturae
1018 1668 1128 1725 autem
1143 1659 1286 1725 omnino·

167 1777 230 1841 que
252 1754 383 1841 poetica
398 1755 557 1821 Varronis
583 1779 683 1843 opera
705 1780 722 1822 e
744 1758 901 1823 memoria
922 1758 1091 1825 hominum
1113 1783 1190 1827 mox
1213 1783 1287 1828 eua-

166 1855 280 1920 nuisse
289 1853 313 1941 ¹)
349 1854 514 1924 luculento
542 1859 728 1924 testimonio
762 1880 896 1946 possum
929 1861 1150 1949 comprobare.
1201 1864 1287 1930 Nam

165 1958 269 2044 ipsius
302 1957 434 2044 quidem
461 1968 607 2047 tempore
635 1969 732 2026 notae
763 1971 873 2046 erant,
907 1971 943 2027 ut
971 1964 1178 2032 eCiceronis
1202 1967 1286 2032 Aea·

167 2058 369 2124 demicorum
391 2059 485 2126 initio
508 2072 662 2149 apparet3
685 2063 728 2128 ef.
752 2064 850 2128 etiam
873 2063 913 2128 de
935 2064 1013 2152 ling.
1037 2065 1093 2132 lat.
1117 2066 1185 2132 VII
1209 2077 1286 2138 3:2⁸

166 2159 286 2246 Sexag.
310 2161 357 2246 fg.
380 2161 414 2245 13
438 2163 600 2251 etiamque
622 2164 792 2248 Horatius,
816 2188 889 2230 eum
911 2167 1125 2253 pugnandum
1147 2170 1178 2233 ei
1200 2180 1287 2236 esset

166 2264 328 2328 aduersus
353 2286 427 2344 eos,
453 2266 508 2352 qui
530 2276 644 2332 uetera
666 2275 793 2332 tantum
817 2267 962 2332 earmina
984 2270 1178 2355 probabant,
1202 2271 1285 2336 Var-

165 2388 298 2448 ronem,
321 2375 360 2431 ut
382 2377 470 2434 reete
492 2367 657 2453 Bergkius
682 2367 722 2432 de
745 2367 803 2432 rel.
827 2392 910 2434 corn.
933 2370 1006 2436 Att.
1022 2380 1090 2434 ant.
1107 2394 1138 2457 p.
1158 2379 1219 2442 146
1237 2397 1285 2460 sq.

164 2465 366 2533 Ritschelius
389 2491 472 2533 mus.
496 2467 608 2555 philol.
631 2468 682 2535 VI
703 2493 736 2556 p.
753 2479 814 2540 493
837 2479 904 2536 not.
929 2471 1149 2558 suspicantur,
1173 2495 1285 2560 quam-

165 2593 263 2655 quam
280 2569 450 2634 doetrinae
465 2568 553 2636 illius
569 2592 715 2635 summae
737 2572 921 2636 reuerentia
943 2595 1016 2638 eum
1038 2596 1104 2639 non
1126 2576 1284 2661 nominat,

163 2671 262 2737 tacite
291 2680 401 2736 tamen
430 2670 602 2757 intellegit.
648 2672 718 2737 Neo
741 2673 811 2738 sine
840 2696 940 2738 eausa
966 2673 1022 2739 ille
1044 2675 1130 2742 inter
1152 2688 1284 2742 saturae

162 2773 358 2839 Lucilianae
374 2774 548 2860 scriptores
568 2775 747 2840 Varronem
769 2774 908 2841 alterum
930 2776 987 2841 ubi
1002 2778 1149 2844 nominat
1173 2779 1283 2866 (serm.

164 2875 261 2958 110,
286 2878 359 2960 46),
389 2875 568 2942 Atacinum
596 2897 773 2962 cognomen
801 2877 972 2964 adposuit,
1006 2889 1044 2945 ut
1071 2903 1213 2946 errorem
1241 2883 1283 2948 ab

162 2977 256 3043 initio
280 2978 501 3064 praecideret,
531 3001 595 3065 quo
618 2979 793 3044 Reatinum
815 2982 887 3066 quis
911 2979 1168 3066 intellegendum
1190 2993 1283 3070 puta·

163 3089 229 3162 ret,
252 3081 345 3145 cuius
370 3089 498 3145 saturas
521 3080 713 3168 Menippeas
744 3081 839 3146 etiam
861 3092 940 3147 tunc
962 3093 1056 3148 notas
1079 3086 1183 3149 fuisse
1205 3086 1283 3151 inde

163 3191 313 3268 apparet.
365 3183 412 3248 At
433 3191 608 3269 postquam
635 3206 723 3248 noua
745 3183 937 3268 Augusteae
960 3185 1078 3250 aetatis
1102 3188 1211 3272 poesis
1235 3188 1283 3251 in·

163 3281 282 3350 claruit
305 3292 337 3349 et
353 3283 549 3350 amoenioris
572 3283 753 3370 elegantiae
775 3285 884 3371 gratia
898 3286 1023 3351 animos
1039 3290 1156 3373 tenuit,
1174 3288 1281 3354 nullus

337 3427 368 3434 n·-

249 3492 276 3555 1)
296 3491 461 3558 Agnoscitur
480 3492 550 3544 haee
564 3492 657 3543 famae
671 3493 830 3544 differentia
843 3493 968 3556 uocibus,
990 3493 1088 3557 quibus
1100 3495 1282 3559 praedicandi

163 3593 249 3630 causa
264 3594 325 3628 eum
338 3578 551 3643 insigniuerunt.
587 3577 751 3643 Appellatur
764 3578 837 3628 enim
849 3593 934 3643 saepe
948 3579 1133 3644 doctissimus,
1153 3580 1281 3631 eruditis-

162 3663 259 3728 simus,
280 3663 492 3727 curiosissime,
514 3663 712 3729 peritissimum
732 3668 832 3728 ‘paene
852 3665 943 3714 omnia
962 3663 1087 3723 tradidit'
1107 3665 1214 3730 (Quint.
1229 3667 1282 3718 XII

163 3750 208 3807 11,
233 3745 294 3814 24);
319 3748 518 3802 ‘doctrinarum
537 3748 673 3798 uolumen’
694 3746 776 3810 (Geli.
796 3749 862 3798 XIX
881 3751 925 3812 14,
951 3749 990 3812 1);
1015 3751 1166 3801 ‘Romanae
1192 3752 1281 3801 erudi·

161 3834 248 3883 tionis
265 3837 378 3898 parens’
399 3831 510 3897 (Symm.
530 3849 591 3900 epp.
612 3837 684 3884 auct.
704 3831 745 3898 2);
765 3827 1067 3894 ‘dedoorulsuor'ruroe'
1092 3839 1120 3885 et
1143 3835 1282 3900 ‘melopo-

162 3911 316 3976 otrrozoe‘
342 3915 421 3981 (Lyd.
442 3915 475 3968 de
494 3934 565 3983 mag.
583 3919 598 3974 ΙΙ
614 3918 703 3984 praef.
722 3919 751 3982 1,
771 3916 812 3982 5);
837 3911 1080 3984 ‘papiroudroroc’
1101 3918 1184 3982 (Plut.
1202 3921 1279 3971 Rom.

163 4002 221 4066 12);
245 4018 331 4068 saepe
352 4004 436 4052 etiam
456 4001 656 4068 ‘philosophus’
676 4002 785 4062 dieitur,
806 4004 877 4066 quod
897 4020 957 4053 eum
976 4004 1011 4054 ad
1028 4003 1205 4068 logistorieos
1224 4010 1280 4056 tum

162 4088 253 4153 magis
273 4086 412 4137 etiamad
435 4103 525 4137 rerum
548 4087 704 4139 diuinarum
728 4088 812 4138 libros
837 4089 969 4152 pertinet-;
999 4089 1035 4137 cf.
1055 4089 1167 4138 Hieron.
1187 4090 1280 4141 chron.

162 4171 310 4230 01.1oe.1.
331 4173 389 4236 188,
403 4175 431 4233 1;
458 4171 534 4223 Seru.
550 4173 584 4222 ad
602 4174 670 4223 Aen.
684 4174 721 4223 VI
735 4176 796 4232 7323
817 4171 895 4237 Apul.
913 4173 946 4222 de
959 4187 1031 4236 mag.
1045 4174 1091 4234 42;
1110 4173 1183 4226 Plut.
1202 4176 1279 4228 Rom.

163 4259 209 4320 123
228 4257 299 4324 App.
312 4256 380 4308 bell.
395 4258 447 4308 eiu.
461 4257 499 4308 IV
511 4260 543 4307 47
558 4256 606 4322 (ef.
620 4259 704 4308 etiam
717 4275 742 4323 p.
758 4255 810 4322 16).
831 4258 941 4307 ‘Poeta'
956 4260 1048 4306 autem
1067 4258 1153 4308 semel
1173 4263 1281 4312 tantum

161 4341 288 4406 (Hieron.
310 4342 405 4392 chron.
421 4341 455 4392 ol.
476 4343 532 4402 166,
553 4342 578 4408 1)
598 4347 785 4410 nuncupatum
807 4343 850 4392 eui
875 4341 1013 4392 addantur
1031 4341 1086 4391 loci
1106 4344 1204 4408 quibus
1222 4347 1280 4398 Mo-

162 4428 280 4494 nippeus
300 4427 458 4494 appellatur
477 4427 513 4480 of.
532 4444 558 4494 p.
578 4429 607 4492 8;
627 4429 677 4479 sed
696 4434 788 4479 tamen
808 4427 857 4478 alii
874 4427 918 4477 illi
937 4427 1021 4477 multo
1039 4427 1090 4478 hos
1110 4436 1251 4496 superant.

215 4518 295 4558 Riese
301 4548 306 4569 ,
323 4517 428 4559 Varronis
443 4517 533 4561 Satirue.
1058 4521 1078 4580 4
