3274 5296
336 438 377 501 66
804 442 931 499 GAPVT
960 444 982 499 ll

332 628 396 692 quo
424 606 459 669 in
486 604 631 692 pedestri
659 606 817 691 scriptore
847 606 1013 671 inuenitur
1035 605 1227 691 (Suetonius
1251 606 1293 671 de
1314 629 1450 692 gramm

333 711 399 793 15),
423 731 441 771 e
463 707 607 772 carmine
636 707 827 792 desumptus
856 707 989 773 uidetur
1016 707 1198 794 dactylico,
1226 730 1300 772 oum
1328 709 1452 776 Lenaei

331 809 365 872 in
388 807 581 873 Sallustium
602 813 808 874 ‘acerbissima
834 818 953 874 sutwo'
981 808 1082 874 talem
1109 809 1180 873 fere
1207 819 1244 874 ut
1271 819 1352 896 puto
1379 833 1450 876 uer-

331 932 404 975 sum
427 909 636 975 continuerit:
668 910 700 975 ‘.'
716 959 724 974 .
739 912 909 992 ldstaurds,
937 914 1038 984 lurco',
1063 917 1172 976 nebulo
1194 913 1285 992 sitque
1300 914 1451 992 popino’.

330 1049 374 1060 -
394 1012 477 1078 ibid.
499 1010 547 1075 V:
584 1020 687 1077 ‘auro’
716 1011 805 1098 apud
830 1021 948 1096 poetas
977 1022 1108 1077 tantum
1133 1011 1274 1077 nitorem
1299 1013 1353 1077 uel
1379 1013 1451 1078 auri

332 1115 447 1198 (Verg.
472 1113 555 1178 Aen.
579 1112 630 1177 VI
652 1114 728 1196 204)
751 1110 805 1176 uel
826 1112 960 1198 pulcrae
982 1112 1112 1200 puellae
1137 1114 1234 1198 (Hor.
1257 1135 1347 1178 carm
1368 1115 1403 1179 Π
1420 1123 1450 1196 8,

332 1215 386 1302 24)
410 1212 464 1278 uel
486 1224 598 1280 nostro
621 1213 693 1279 loco
716 1212 795 1279 solis
819 1215 994 1300 significat.
1017 1252 1060 1263 -—
1081 1213 1163 1279 ibid.
1186 1215 1253 1280 XI:
1278 1223 1449 1296 ‘prouocat'

332 1317 360 1379 si
381 1315 469 1380 idem
492 1316 651 1402 estquod
680 1324 752 1402 ‘par
778 1326 829 1381 est
856 1314 980 1398 alicui'‚
1008 1326 1180 1403 poetarum
1202 1326 1269 1399 est,
1292 1340 1310 1382 e
1331 1317 1450 1404 quibus

331 1418 512 1504 posteriore
545 1427 691 1504 tempore
729 1418 862 1483 transiit
894 1419 929 1482 in
962 1417 1149 1504 pedestrem
1182 1439 1376 1483 sermonem.
1408 1455 1451 1467 -

331 1518 412 1584 ibid.
428 1518 510 1582 XV:
535 1523 723 1596 ‘infandam'
747 1519 847 1592 semel
869 1519 1002 1604 quidem
1017 1519 1169 1585 Ciceroni
1192 1518 1264 1606 (pro
1287 1520 1380 1586 Sext.
1395 1519 1450 1605 55)

332 1620 525 1701 adhibetur,
548 1619 653 1706 poetis
682 1641 761 1684 uero
789 1621 1041 1686 usitatissimum
1063 1630 1123 1686 est.
1147 1658 1189 1670 -
1214 1621 1295 1687 ibid.
1318 1621 1447 1686 XLIV:

332 1728 531 1787 ‘dierectum’
565 1710 632 1785 uox
665 1741 754 1785 mere
787 1721 952 1787 Plautina.
980 1761 1023 1774 —
1049 1723 1165 1786 Γνώθ.
1193 1737 1223 1787 σ.
1250 1722 1284 1787 V
1312 1729 1452 1798 ‘confice

332 1829 434 1888 daait’
457 1843 516 1908 pro
540 1828 594 1886 ‘ex
621 1844 698 1888 aere
725 1821 816 1889 fecit'
845 1825 947 1890 uerbo
976 1847 997 1888 a
1025 1847 1060 1888 se
1087 1825 1160 1911 ipso
1181 1834 1220 1889 ut
1246 1823 1376 1890 uidetur
1401 1823 1449 1887 in-

330 1933 430 1990 uento
452 1923 605 1989 libertate
642 1922 774 2009 poetica
807 1925 915 1989 Varro
952 1924 1048 1990 dixit.
1080 1963 1115 1974 —
1151 1926 1251 1990 Herc.
1279 1935 1303 1990 t.
1331 1925 1356 1990 f.
1379 1925 1447 1990 111:

333 2033 463 2105 ‘uocat’
489 2047 549 2112 pro
579 2033 742 2110 ‘uagatur’
771 2027 935 2112 poeticum
962 2049 1034 2092 esse
1061 2026 1280 2092 Buechelerus
1312 2025 1334 2091 l.
1361 2048 1388 2090 c.
1416 2049 1450 2112 p.

332 2135 394 2198 430
417 2150 465 2214 sq.
494 2127 560 2190 iam
583 2127 729 2212 agnouit.
752 2165 794 2177 -
822 2127 915 2192 Idem
937 2128 978 2193 A.
1002 2151 1034 2214 q.
1058 2129 1098 2193 T.
1120 2135 1152 2193 1:
1184 2135 1291 2195 ‘rabia’
1313 2128 1450 2194 uerbum

331 2238 407 2295 ante
430 2229 587 2295 Senecam
609 2228 713 2315 poetis
735 2237 864 2293 tantum
885 2229 1060 2313 usitatum3
1084 2230 1125 2294 de
1139 2231 1230 2295 uocis
1255 2236 1351 2310 ‘quid'
1374 2250 1449 2315 epa·

330 2331 480 2418 naphora
500 2354 533 2394 u.
556 2330 654 2395 infra.
677 2367 719 2378 -
742 2333 890 2413 Κοσμοτ.
913 2331 976 2397 IV:
1002 2339 1169 2412 ‘capulam'
1193 2354 1289 2398 arcae
1311 2331 1450 2396 cadaue-

330 2454 403 2496 rum
425 2433 559 2498 notione
580 2431 688 2517 poetis
710 2433 879 2519 proprium
902 2442 967 2515 est,
995 2433 1138 2498 maxime
1165 2433 1314 2513 comicis,
1343 2431 1450 2518 equi·

330 2534 392 2600 bus
420 2533 581 2620 Apuleius
611 2534 761 2620 sumpsit.
791 2573 829 2582 -
852 2533 933 2600 ibid.
958 2532 1008 2598 VI
1029 2541 1171 2599 ‘Aeneae’
1193 2535 1215 2599 i.
1239 2558 1268 2600 e.
1290 2535 1449 2600 Romano-

330 2657 404 2698 rum
426 2644 459 2700 et
481 2642 614 2699 ‘misceri
632 2643 783 2714 conpone
807 2645 968 2718 sancum,
992 2657 1077 2722 quae
1101 2637 1138 2700 in
1163 2647 1305 2702 mentem
1331 2632 1450 2700 uocant

330 2735 524 2842 Ennianum
541 2734 624 2798 illud
645 2758 687 2800 ex
703 2735 844 2802 Hecuba
862 2761 895 2801 u.
911 2746 974 2808 228
989 2737 1086 2802 Vahl.
1105 2747 1166 2808 164
1179 2738 1278 2803 Ribb.
1302 2746 1450 2818 ‘pereunt

242 2902 246 2908 ,
332 2843 437 2902 laaere
458 2858 597 2916 senonen
618 2845 780 2916 sanquine
803 2840 934 2924 poetica
955 2861 1027 2904 esse
1050 2848 1197 2926 apparet.
1220 2877 1263 2888 —
1282 2837 1366 2904 ibid.
1380 2837 1449 2902 VII

330 2943 443 3003 ‘amne’
467 2938 570 3027 (quod
596 2939 739 3026 restitui)
768 2962 828 3026 pro
854 2940 946 3005 unda
972 2942 1027 3005 uel
1054 2964 1140 3028 aqua
1166 2963 1187 3006 a
1213 2939 1358 3027 pedestri
1384 2960 1448 3002 scr-

330 3061 426 3106 mone
449 3041 579 3105 omnino
608 3040 750 3106 alienum
779 3052 838 3107 est·
861 3081 904 3090 -
925 3042 1018 3107 Idem
1040 3041 1216 3107 dicendum
1244 3052 1294 3107 est
1317 3040 1359 3106 de
1381 3047 1448 3120 ‘fla-

330 3149 421 3207 mine’
450 3141 533 3208 ibid.
556 3143 650 3208 VIII.
672 3181 715 3192 -
735 3141 809 3208 Lex
829 3142 938 3208 Maon.
961 3144 1025 3209 VI:
1056 3149 1191 3208 ‘lumine'
1220 3165 1279 3229 pro
1308 3141 1362 3207 die
1382 3139 1447 3204 En-

329 3244 403 3308 nius
426 3242 658 3330 Vergiliusque
680 3244 792 3309 dicunt
813 3245 903 3330 (ann.
927 3254 998 3316 118.
1023 3253 1094 3316 165.
1116 3256 1202 3330 trag.
1226 3253 1286 3316 301
1304 3243 1347 3309 V.
1364 3243 1447 3308 Aen.

330 3345 380 3411 Vl
412 3348 510 3432 356);
548 3347 679 3411 omnino
715 3345 784 3410 hoc*
814 3347 999 3432 fragmento
1036 3347 1182 3413 Ennium
1217 3347 1374 3411 imitatur.
1406 3381 1449 3392 -

329 3450 473 3530 Λογομ.;
497 3453 676 3527 ‘laniqeras'
700 3469 759 3535 pro
781 3449 899 3514 ouibus
922 3446 1053 3534 legitur.
1075 3487 1118 3496 —
1139 3448 1229 3513 Man.
1247 3448 1310 3513 VI:
1336 3452 1448 3524 ‘ueqet'

330 3556 381 3612 est
401 3550 540 3615 uerbum
563 3572 584 3613 a
604 3571 704 3635 prosa
726 3548 883 3634 alienum3
908 3561 1052 3615 ceterum
1074 3550 1114 3616 de
1136 3549 1198 3615 hoc
1220 3550 1284 3634 frg.
1299 3572 1332 3612 u.
1349 3547 1448 3612 infra.

207 3745 210 3752 ,
241 3649 256 3666 ⁸
330 3687 373 3698 ““
400 3649 480 3715 ibid·
503 3650 607 3715 Xffl²
638 3659 796 3731 ‘finemque
823 3658 1012 3732 mcdmnqoe'
1043 3652 1151 3716 exitus
1174 3671 1289 3715 uersus
1320 3646 1448 3735 qualem

330 3761 442 3815 amant
463 3750 619 3837 dactylici
640 3763 769 3838 poetae.
792 3789 835 3799 —-
855 3753 936 3819 ibid.
960 3754 1041 3819 XV:
1072 3760 1203 3819 ‘limites'
1226 3750 1355 3816 nonde
1377 3749 1448 3834 agri

331 3852 390 3917 sed
413 3854 454 3918 de
479 3851 562 3942 alius
595 3853 659 3935 rei,
692 3851 785 3918 uelut
805 3853 838 3918 h.
860 3853 884 3920 l.
910 3855 1054 3936 culinae,
1088 3853 1234 3919 terminis
1263 3851 1448 3937 finibusque

330 3964 447 4040 poetae
468 3962 596 4018 tantum
616 3963 790 4040 usurpant,
812 3953 934 4042 plurali
954 3956 1149 4043 praesertim
1169 3975 1321 4036 numero;
1350 3953 1447 4018 comi-

330 4075 505 4141 corumque
537 4064 590 4120 est
623 4062 833 4121 ‘alimoniam'.
861 4095 903 4105 -—
929 4057 1010 4123 ibid.
1039 4056 1165 4122 XXII:
1190 4060 1350 4120 ‘stertere’
1374 4053 1448 4119 dor-

329 4156 452 4220 miendi
473 4158 606 4223 notione
628 4158 825 4224 comicorum
846 4169 975 4224 tantum
997 4168 1057 4240 est,
1073 4159 1159 4222 unde
1173 4157 1279 4224 Varro
1296 4154 1447 4242 sumpsit.

333 4295 368 4304 —
386 4257 522 4344 Marcip.
537 4249 635 4324 XVI:
661 4267 873 4340 ‘occearano’
894 4269 1060 4325 uetustam
1074 4279 1209 4343 poeseos
1224 4260 1384 4324 rationem
1398 4279 1448 4322 re-

330 4357 429 4421 dolet.
452 4395 494 4406 —
515 4359 660 4445 Marcop.
683 4362 734 4427 II:
765 4369 889 4426 ‘enicat’
912 4362 941 4425 si
968 4359 1160 4448 simpliciter
1181 4359 1325 4425 ‘occidit'
1348 4357 1448 4445 signi-
