<?xml version="1.0" encoding="UTF-8"?>
<!DOCTYPE html PUBLIC "-//W3C//DTD XHTML 1.0 Transitional//EN"
    "http://www.w3.org/TR/xhtml1/DTD/xhtml1-transitional.dtd">
<html xmlns="http://www.w3.org/1999/xhtml" xml:lang="en" lang="en">
 <head>
  <title>
</title>
<meta http-equiv="Content-Type" content="text/html;charset=utf-8" />
  <meta name='ocr-system' content='tesseract 3.04.00' />
  <meta name='ocr-capabilities' content='ocr_page ocr_carea ocr_par ocr_line ocrx_word'/>
</head>
<body>
  <div class='ocr_page' id='page_1' title='image "./mterentivarroni00riesgoog_0029.png"; bbox 0 0 3274 5296; ppageno 0'>
   <div class='ocr_carea' id='block_1_1' title="bbox 336 461 976 523">
    <p class='ocr_par' dir='ltr' id='par_1_1' title="bbox 336 461 976 523">
     <span class='ocr_line' id='line_1_1' title="bbox 336 461 976 523; baseline -0.005 0"><span class='ocrx_word' id='word_1_1' title='bbox 336 461 355 523; x_wconf 90' lang='lat'>8</span> <span class='ocrx_word' id='word_1_2' title='bbox 809 465 937 520; x_wconf 78' lang='lat' dir='ltr'>CAPVT</span> <span class='ocrx_word' id='word_1_3' title='bbox 967 466 976 520; x_wconf 95' lang='lat' dir='ltr'><strong>l</strong></span> 
     </span>
    </p>
   </div>
   <div class='ocr_carea' id='block_1_2' title="bbox 336 629 1454 815">
    <p class='ocr_par' dir='ltr' id='par_1_2' title="bbox 336 629 1454 815">
     <span class='ocr_line' id='line_1_2' title="bbox 337 629 1452 713; baseline 0.001 -20"><span class='ocrx_word' id='word_1_4' title='bbox 337 636 456 693; x_wconf 76' lang='lat' dir='ltr'><strong>‘Varro</strong></span> <span class='ocrx_word' id='word_1_5' title='bbox 477 635 530 706; x_wconf 78' lang='lat' dir='ltr'><strong>qai</strong></span> <span class='ocrx_word' id='word_1_6' title='bbox 549 635 587 691; x_wconf 78' lang='lat' dir='ltr'><strong>sit</strong></span> <span class='ocrx_word' id='word_1_7' title='bbox 609 634 667 704; x_wconf 88' lang='lat' dir='ltr'><strong>(est</strong></span> <span class='ocrx_word' id='word_1_8' title='bbox 687 629 864 713; x_wconf 88' lang='lat' dir='ltr'><strong>Roeperus.</strong></span> <span class='ocrx_word' id='word_1_9' title='bbox 888 635 952 705; x_wconf 71' lang='grc'><strong>611)</strong></span> <span class='ocrx_word' id='word_1_10' title='bbox 977 633 1154 707; x_wconf 67' lang='lat' dir='ltr'><strong>Menippeas</strong></span> <span class='ocrx_word' id='word_1_11' title='bbox 1181 649 1241 692; x_wconf 84' lang='lat' dir='ltr'><strong>noo</strong></span> <span class='ocrx_word' id='word_1_12' title='bbox 1264 649 1284 691; x_wconf 86' lang='lat' dir='ltr'><strong>a</strong></span> <span class='ocrx_word' id='word_1_13' title='bbox 1306 637 1452 708; x_wconf 75' lang='grc' dir='ltr'><strong>166μὶ6116</strong></span> 
     </span>
     <span class='ocr_line' id='line_1_3' title="bbox 336 725 1454 815; baseline -0.001 -20"><span class='ocrx_word' id='word_1_14' title='bbox 336 737 421 795; x_wconf 79' lang='lat' dir='ltr'><strong>caius</strong></span> <span class='ocrx_word' id='word_1_15' title='bbox 443 740 527 793; x_wconf 82' lang='lat' dir='ltr'><strong>actas</strong></span> <span class='ocrx_word' id='word_1_16' title='bbox 554 736 643 806; x_wconf 70' lang='lat' dir='ltr'><strong>lonae</strong></span> <span class='ocrx_word' id='word_1_17' title='bbox 664 725 892 809; x_wconf 65' lang='lat' dir='ltr'><strong>marcesceret,</strong></span> <span class='ocrx_word' id='word_1_18' title='bbox 917 736 1095 793; x_wconf 75' lang='lat' dir='ltr'><strong>‘nominatus</strong></span> <span class='ocrx_word' id='word_1_19' title='bbox 1122 730 1369 815; x_wconf 75' lang='lat' dir='ltr'><strong>(nominatur?),</strong></span> <span class='ocrx_word' id='word_1_20' title='bbox 1399 737 1454 796; x_wconf 83' lang='lat' dir='ltr'><strong>scd</strong></span> 
     </span>
    </p>
   </div>
   <div class='ocr_carea' id='block_1_3' title="bbox 180 837 1519 4474">
    <p class='ocr_par' dir='ltr' id='par_1_3' title="bbox 335 837 1519 2644">
     <span class='ocr_line' id='line_1_4' title="bbox 337 837 1519 914; baseline 0.001 -19"><span class='ocrx_word' id='word_1_21' title='bbox 337 853 357 895; x_wconf 93' lang='grc' dir='ltr'><em>α</em></span> <span class='ocrx_word' id='word_1_22' title='bbox 378 839 520 896; x_wconf 78' lang='lat' dir='ltr'><strong>societate</strong></span> <span class='ocrx_word' id='word_1_23' title='bbox 541 837 670 912; x_wconf 67' lang='lat' dir='ltr'><strong>incenit,</strong></span> <span class='ocrx_word' id='word_1_24' title='bbox 699 837 781 910; x_wconf 80' lang='lat' dir='ltr'><strong>qaod</strong></span> <span class='ocrx_word' id='word_1_25' title='bbox 806 837 832 894; x_wconf 83' lang='lat' dir='ltr'><strong>r‘s</strong></span> <span class='ocrx_word' id='word_1_26' title='bbox 853 850 968 910; x_wconf 80' lang='lat' dir='ltr'><strong>quoqne</strong></span> <span class='ocrx_word' id='word_1_27' title='bbox 997 837 1154 909; x_wconf 62' lang='lat' dir='ltr'><strong>cananeae</strong></span> <span class='ocrx_word' id='word_1_28' title='bbox 1179 839 1316 896; x_wconf 79' lang='lat' dir='ltr'><strong><em>carmine</em></strong></span> <span class='ocrx_word' id='word_1_29' title='bbox 1341 839 1452 896; x_wconf 80' lang='lat' dir='ltr'><strong>satiras</strong></span> <span class='ocrx_word' id='word_1_30' title='bbox 1498 899 1519 914; x_wconf 66' lang='lat'><strong><em>„</em></strong></span> 
     </span>
     <span class='ocr_line' id='line_1_5' title="bbox 335 931 1451 1020; baseline -0.003 -21"><span class='ocrx_word' id='word_1_31' title='bbox 335 956 406 999; x_wconf 85' lang='lat' dir='ltr'><strong>suas</strong></span> <span class='ocrx_word' id='word_1_32' title='bbox 428 939 644 1012; x_wconf 61' lang='lat' dir='ltr'><strong>expedierat?</strong></span> <span class='ocrx_word' id='word_1_33' title='bbox 677 932 723 995; x_wconf 86' lang='lat' dir='ltr'><strong>Et</strong></span> <span class='ocrx_word' id='word_1_34' title='bbox 744 954 823 996; x_wconf 89' lang='lat' dir='ltr'><strong>sane</strong></span> <span class='ocrx_word' id='word_1_35' title='bbox 844 933 917 1018; x_wconf 91' lang='lat' dir='ltr'><strong>ipse</strong></span> <span class='ocrx_word' id='word_1_36' title='bbox 939 931 1047 997; x_wconf 90' lang='lat' dir='ltr'><strong>Varro</strong></span> <span class='ocrx_word' id='word_1_37' title='bbox 1074 955 1141 997; x_wconf 92' lang='lat' dir='ltr'><strong>non</strong></span> <span class='ocrx_word' id='word_1_38' title='bbox 1161 955 1236 999; x_wconf 92' lang='lat' dir='ltr'><strong>raro</strong></span> <span class='ocrx_word' id='word_1_39' title='bbox 1259 933 1451 1020; x_wconf 84' lang='lat' dir='ltr'><strong>Menippeas</strong></span> 
     </span>
     <span class='ocr_line' id='line_1_6' title="bbox 338 1033 1451 1120; baseline -0.002 -21"><span class='ocrx_word' id='word_1_40' title='bbox 338 1035 469 1116; x_wconf 88' lang='lat' dir='ltr'><strong>dicitur,</strong></span> <span class='ocrx_word' id='word_1_41' title='bbox 493 1034 535 1098; x_wconf 89' lang='grc'><strong>61.</strong></span> <span class='ocrx_word' id='word_1_42' title='bbox 552 1033 723 1098; x_wconf 74' lang='lat' dir='ltr'>Charisius</span> <span class='ocrx_word' id='word_1_43' title='bbox 746 1057 778 1119; x_wconf 88' lang='lat' dir='ltr'><strong>p.</strong></span> <span class='ocrx_word' id='word_1_44' title='bbox 797 1042 867 1103; x_wconf 89' lang='grc'><strong>118.</strong></span> <span class='ocrx_word' id='word_1_45' title='bbox 890 1034 1069 1098; x_wconf 80' lang='lat' dir='ltr'><strong>Diomedes</strong></span> <span class='ocrx_word' id='word_1_46' title='bbox 1091 1057 1123 1120; x_wconf 87' lang='lat' dir='ltr'><strong>p.</strong></span> <span class='ocrx_word' id='word_1_47' title='bbox 1142 1043 1215 1104; x_wconf 87' lang='grc'><strong>371.</strong></span> <span class='ocrx_word' id='word_1_48' title='bbox 1238 1033 1451 1120; x_wconf 66' lang='lat' dir='ltr'><strong>Symmachus</strong></span> 
     </span>
     <span class='ocr_line' id='line_1_7' title="bbox 337 1133 1451 1222; baseline 0 -22"><span class='ocrx_word' id='word_1_49' title='bbox 337 1147 423 1201; x_wconf 89' lang='lat' dir='ltr'><strong>auct.</strong></span> <span class='ocrx_word' id='word_1_50' title='bbox 448 1158 522 1222; x_wconf 88' lang='lat' dir='ltr'><strong>epp.</strong></span> <span class='ocrx_word' id='word_1_51' title='bbox 545 1143 575 1204; x_wconf 84' lang='lat'><strong>2.</strong></span> <span class='ocrx_word' id='word_1_52' title='bbox 603 1135 770 1198; x_wconf 90' lang='lat' dir='ltr'><strong>Arnobius</strong></span> <span class='ocrx_word' id='word_1_53' title='bbox 798 1133 849 1199; x_wconf 93' lang='lat' dir='ltr'><strong>VI</strong></span> <span class='ocrx_word' id='word_1_54' title='bbox 871 1143 923 1204; x_wconf 80' lang='lat'><strong>23.</strong></span> <span class='ocrx_word' id='word_1_55' title='bbox 950 1134 1134 1220; x_wconf 84' lang='lat' dir='ltr'><strong>Eutycbius</strong></span> <span class='ocrx_word' id='word_1_56' title='bbox 1163 1158 1195 1221; x_wconf 91' lang='lat' dir='ltr'><strong>p.</strong></span> <span class='ocrx_word' id='word_1_57' title='bbox 1219 1143 1302 1206; x_wconf 84' lang='lat'>2169</span> <span class='ocrx_word' id='word_1_58' title='bbox 1331 1136 1369 1200; x_wconf 89' lang='grc' dir='ltr'><strong>Ρ.</strong></span> <span class='ocrx_word' id='word_1_59' title='bbox 1393 1146 1451 1206; x_wconf 84' lang='grc'><strong>175</strong></span> 
     </span>
     <span class='ocr_line' id='line_1_8' title="bbox 335 1235 1452 1321; baseline -0.003 -18"><span class='ocrx_word' id='word_1_60' title='bbox 335 1239 375 1303; x_wconf 91' lang='lat' dir='ltr'><strong>L.</strong></span> <span class='ocrx_word' id='word_1_61' title='bbox 392 1237 578 1302; x_wconf 80' lang='lat' dir='ltr'><strong>Athenaeus</strong></span> <span class='ocrx_word' id='word_1_62' title='bbox 595 1236 645 1301; x_wconf 87' lang='lat' dir='ltr'><strong>IV</strong></span> <span class='ocrx_word' id='word_1_63' title='bbox 660 1259 693 1321; x_wconf 87' lang='lat' dir='ltr'><strong>p·</strong></span> <span class='ocrx_word' id='word_1_64' title='bbox 711 1244 771 1305; x_wconf 86' lang='grc'><strong>169</strong></span> <span class='ocrx_word' id='word_1_65' title='bbox 787 1259 814 1300; x_wconf 85' lang='grc'><strong>6.</strong></span> <span class='ocrx_word' id='word_1_66' title='bbox 850 1235 959 1315; x_wconf 74' lang='lat' dir='ltr'><strong>Quam</strong></span> <span class='ocrx_word' id='word_1_67' title='bbox 981 1247 1089 1300; x_wconf 88' lang='lat' dir='ltr'><strong>autem</strong></span> <span class='ocrx_word' id='word_1_68' title='bbox 1103 1236 1197 1302; x_wconf 89' lang='lat' dir='ltr'><strong>huius</strong></span> <span class='ocrx_word' id='word_1_69' title='bbox 1220 1237 1361 1301; x_wconf 91' lang='lat' dir='ltr'><strong>nominis</strong></span> <span class='ocrx_word' id='word_1_70' title='bbox 1377 1259 1452 1300; x_wconf 87' lang='lat' dir='ltr'><strong>cau·</strong></span> 
     </span>
     <span class='ocr_line' id='line_1_9' title="bbox 338 1335 1453 1423; baseline -0.004 -18"><span class='ocrx_word' id='word_1_71' title='bbox 338 1363 410 1405; x_wconf 89' lang='lat' dir='ltr'><strong>sam</strong></span> <span class='ocrx_word' id='word_1_72' title='bbox 424 1339 553 1404; x_wconf 90' lang='lat' dir='ltr'><strong>Probus</strong></span> <span class='ocrx_word' id='word_1_73' title='bbox 577 1335 683 1419; x_wconf 85' lang='lat' dir='ltr'><strong>affert,</strong></span> <span class='ocrx_word' id='word_1_74' title='bbox 707 1360 745 1403; x_wconf 89' lang='lat' dir='ltr'><strong>ea</strong></span> <span class='ocrx_word' id='word_1_75' title='bbox 766 1359 883 1423; x_wconf 89' lang='lat' dir='ltr'><strong>parum</strong></span> <span class='ocrx_word' id='word_1_76' title='bbox 904 1337 1036 1402; x_wconf 89' lang='lat' dir='ltr'><strong>uidetur</strong></span> <span class='ocrx_word' id='word_1_77' title='bbox 1058 1339 1242 1404; x_wconf 87' lang='lat' dir='ltr'><strong>consentire</strong></span> <span class='ocrx_word' id='word_1_78' title='bbox 1265 1360 1338 1402; x_wconf 90' lang='lat' dir='ltr'><strong>cum</strong></span> <span class='ocrx_word' id='word_1_79' title='bbox 1354 1336 1453 1402; x_wconf 84' lang='lat' dir='ltr'><strong>Gellii</strong></span> 
     </span>
     <span class='ocr_line' id='line_1_10' title="bbox 337 1438 1453 1526; baseline -0.003 -20"><span class='ocrx_word' id='word_1_80' title='bbox 337 1441 515 1521; x_wconf 89' lang='lat' dir='ltr'><strong>sententia,</strong></span> <span class='ocrx_word' id='word_1_81' title='bbox 550 1440 606 1526; x_wconf 93' lang='lat' dir='ltr'><strong>qui</strong></span> <span class='ocrx_word' id='word_1_82' title='bbox 633 1438 719 1504; x_wconf 89' lang='lat' dir='ltr'><strong>inter</strong></span> <span class='ocrx_word' id='word_1_83' title='bbox 752 1439 941 1525; x_wconf 87' lang='lat' dir='ltr'><strong>cynicarum</strong></span> <span class='ocrx_word' id='word_1_84' title='bbox 975 1448 1008 1503; x_wconf 97' lang='grc'><strong>61</strong></span> <span class='ocrx_word' id='word_1_85' title='bbox 1034 1440 1285 1525; x_wconf 88' lang='lat' dir='ltr'><strong>Menippearum</strong></span> <span class='ocrx_word' id='word_1_86' title='bbox 1313 1439 1453 1526; x_wconf 90' lang='lat' dir='ltr'><strong>appella·</strong></span> 
     </span>
     <span class='ocr_line' id='line_1_11' title="bbox 337 1539 1451 1626; baseline -0.001 -19"><span class='ocrx_word' id='word_1_87' title='bbox 337 1544 460 1608; x_wconf 89' lang='lat' dir='ltr'><strong>tionem</strong></span> <span class='ocrx_word' id='word_1_88' title='bbox 482 1541 678 1604; x_wconf 87' lang='lat' dir='ltr'><strong>affinitatem</strong></span> <span class='ocrx_word' id='word_1_89' title='bbox 700 1540 865 1626; x_wconf 90' lang='lat' dir='ltr'><strong>quandam</strong></span> <span class='ocrx_word' id='word_1_90' title='bbox 894 1541 964 1604; x_wconf 90' lang='lat' dir='ltr'><strong>sine</strong></span> <span class='ocrx_word' id='word_1_91' title='bbox 987 1539 1087 1605; x_wconf 89' lang='lat' dir='ltr'><strong>dubio</strong></span> <span class='ocrx_word' id='word_1_92' title='bbox 1114 1541 1316 1606; x_wconf 77' lang='lat' dir='ltr'><strong>intercedere</strong></span> <span class='ocrx_word' id='word_1_93' title='bbox 1337 1541 1451 1613; x_wconf 88' lang='lat' dir='ltr'><strong>uoluit.</strong></span> 
     </span>
     <span class='ocr_line' id='line_1_12' title="bbox 338 1642 1454 1731; baseline -0.001 -24"><span class='ocrx_word' id='word_1_94' title='bbox 338 1644 534 1731; x_wconf 79' lang='lat' dir='ltr'>Cynicorum</span> <span class='ocrx_word' id='word_1_95' title='bbox 553 1643 639 1706; x_wconf 92' lang='lat' dir='ltr'><strong>enim</strong></span> <span class='ocrx_word' id='word_1_96' title='bbox 660 1642 789 1706; x_wconf 90' lang='lat' dir='ltr'><strong>omnino</strong></span> <span class='ocrx_word' id='word_1_97' title='bbox 811 1643 913 1706; x_wconf 80' lang='lat' dir='ltr'><strong>fuisse</strong></span> <span class='ocrx_word' id='word_1_98' title='bbox 930 1652 967 1706; x_wconf 91' lang='lat' dir='ltr'><strong>ut</strong></span> <span class='ocrx_word' id='word_1_99' title='bbox 982 1642 1124 1706; x_wconf 83' lang='lat' dir='ltr'><strong>carmine</strong></span> <span class='ocrx_word' id='word_1_100' title='bbox 1142 1643 1315 1728; x_wconf 88' lang='lat' dir='ltr'><strong>omnigeno</strong></span> <span class='ocrx_word' id='word_1_101' title='bbox 1333 1643 1454 1729; x_wconf 88' lang='lat' dir='ltr'><strong>scripta</strong></span> 
     </span>
     <span class='ocr_line' id='line_1_13' title="bbox 338 1742 1453 1831; baseline 0.001 -23"><span class='ocrx_word' id='word_1_102' title='bbox 338 1769 398 1809; x_wconf 89' lang='lat' dir='ltr'><strong>sua</strong></span> <span class='ocrx_word' id='word_1_103' title='bbox 420 1742 612 1831; x_wconf 77' lang='lat' dir='ltr'><strong>expolirem,</strong></span> <span class='ocrx_word' id='word_1_104' title='bbox 641 1743 677 1807; x_wconf 93' lang='lat' dir='ltr'><strong>id</strong></span> <span class='ocrx_word' id='word_1_105' title='bbox 698 1764 793 1807; x_wconf 91' lang='lat' dir='ltr'><strong>nemo</strong></span> <span class='ocrx_word' id='word_1_106' title='bbox 821 1742 928 1806; x_wconf 86' lang='lat' dir='ltr'><strong>adhue</strong></span> <span class='ocrx_word' id='word_1_107' title='bbox 950 1742 1141 1809; x_wconf 84' lang='lat' dir='ltr'><strong>affirmauit.</strong></span> <span class='ocrx_word' id='word_1_108' title='bbox 1185 1744 1296 1824; x_wconf 74' lang='lat' dir='ltr'><strong>Quare</strong></span> <span class='ocrx_word' id='word_1_109' title='bbox 1322 1754 1453 1831; x_wconf 73' lang='grc'><strong>611166-</strong></span> 
     </span>
     <span class='ocr_line' id='line_1_14' title="bbox 339 1843 1454 1928; baseline 0.001 -19"><span class='ocrx_word' id='word_1_110' title='bbox 339 1847 440 1910; x_wconf 91' lang='lat' dir='ltr'><strong>simus</strong></span> <span class='ocrx_word' id='word_1_111' title='bbox 464 1843 657 1926; x_wconf 86' lang='lat' dir='ltr'><strong>diiudicare,</strong></span> <span class='ocrx_word' id='word_1_112' title='bbox 675 1843 824 1912; x_wconf 83' lang='lat' dir='ltr'><strong>Gellione</strong></span> <span class='ocrx_word' id='word_1_113' title='bbox 847 1845 890 1910; x_wconf 91' lang='lat' dir='ltr'><strong>sit</strong></span> <span class='ocrx_word' id='word_1_114' title='bbox 913 1866 956 1908; x_wconf 89' lang='lat' dir='ltr'><strong>an</strong></span> <span class='ocrx_word' id='word_1_115' title='bbox 970 1845 1079 1911; x_wconf 90' lang='lat' dir='ltr'><strong>Probo</strong></span> <span class='ocrx_word' id='word_1_116' title='bbox 1103 1845 1184 1912; x_wconf 87' lang='lat' dir='ltr'><strong>fides</strong></span> <span class='ocrx_word' id='word_1_117' title='bbox 1199 1846 1367 1928; x_wconf 88' lang='lat' dir='ltr'><strong>habenda,</strong></span> <span class='ocrx_word' id='word_1_118' title='bbox 1385 1847 1454 1910; x_wconf 90' lang='lat' dir='ltr'><strong>siue</strong></span> 
     </span>
     <span class='ocr_line' id='line_1_15' title="bbox 336 1945 1454 2034; baseline 0 -22"><span class='ocrx_word' id='word_1_119' title='bbox 336 1958 449 2013; x_wconf 92' lang='lat' dir='ltr'><strong>utrum</strong></span> <span class='ocrx_word' id='word_1_120' title='bbox 475 1970 495 2010; x_wconf 90' lang='lat' dir='ltr'><strong>a</strong></span> <span class='ocrx_word' id='word_1_121' title='bbox 524 1945 639 2034; x_wconf 88' lang='lat' dir='ltr'><strong>cynica</strong></span> <span class='ocrx_word' id='word_1_122' title='bbox 666 1946 808 2032; x_wconf 91' lang='lat' dir='ltr'><strong>quadam</strong></span> <span class='ocrx_word' id='word_1_123' title='bbox 837 1956 1021 2011; x_wconf 84' lang='lat' dir='ltr'><strong>saturarum</strong></span> <span class='ocrx_word' id='word_1_124' title='bbox 1048 1946 1156 2012; x_wconf 87' lang='lat' dir='ltr'><strong>indole</strong></span> <span class='ocrx_word' id='word_1_125' title='bbox 1185 1945 1299 2032; x_wconf 89' lang='lat' dir='ltr'><strong>(quam</strong></span> <span class='ocrx_word' id='word_1_126' title='bbox 1327 1947 1454 2012; x_wconf 85' lang='lat' dir='ltr'><strong>Tertul-</strong></span> 
     </span>
     <span class='ocr_line' id='line_1_16' title="bbox 337 2037 1454 2136; baseline -0.001 -23"><span class='ocrx_word' id='word_1_127' title='bbox 337 2050 445 2114; x_wconf 89' lang='lat' dir='ltr'><strong>lianus</strong></span> <span class='ocrx_word' id='word_1_128' title='bbox 468 2071 599 2136; x_wconf 90' lang='lat' dir='ltr'><strong>quoque</strong></span> <span class='ocrx_word' id='word_1_129' title='bbox 621 2048 665 2112; x_wconf 90' lang='lat' dir='ltr'><strong>ad</strong></span> <span class='ocrx_word' id='word_1_130' title='bbox 687 2048 835 2114; x_wconf 87' lang='lat' dir='ltr'><strong>nationes</strong></span> <span class='ocrx_word' id='word_1_131' title='bbox 859 2037 879 2111; x_wconf 85' lang='grc' dir='ltr'>Ϊ</span> <span class='ocrx_word' id='word_1_132' title='bbox 900 2057 940 2117; x_wconf 88' lang='lat'><strong>10</strong></span> <span class='ocrx_word' id='word_1_133' title='bbox 963 2058 995 2113; x_wconf 88' lang='lat' dir='ltr'><strong>et</strong></span> <span class='ocrx_word' id='word_1_134' title='bbox 1023 2046 1227 2135; x_wconf 89' lang='lat' dir='ltr'><strong>apologetico</strong></span> <span class='ocrx_word' id='word_1_135' title='bbox 1251 2071 1322 2136; x_wconf 90' lang='lat' dir='ltr'><strong>cap.</strong></span> <span class='ocrx_word' id='word_1_136' title='bbox 1346 2048 1454 2118; x_wconf 85' lang='grc'><strong>14111-</strong></span> 
     </span>
     <span class='ocr_line' id='line_1_17' title="bbox 338 2149 1454 2236; baseline 0 -21"><span class='ocrx_word' id='word_1_137' title='bbox 338 2153 420 2232; x_wconf 83' lang='lat' dir='ltr'><strong>nuit,</strong></span> <span class='ocrx_word' id='word_1_138' title='bbox 439 2149 592 2216; x_wconf 74' lang='lat' dir='ltr'><strong>‘Romani</strong></span> <span class='ocrx_word' id='word_1_139' title='bbox 608 2149 675 2214; x_wconf 89' lang='lat' dir='ltr'><strong>stili</strong></span> <span class='ocrx_word' id='word_1_140' title='bbox 686 2150 882 2235; x_wconf 86' lang='lat' dir='ltr'><strong>Diogenem&#39;</strong></span> <span class='ocrx_word' id='word_1_141' title='bbox 899 2161 931 2215; x_wconf 90' lang='lat' dir='ltr'><strong>et</strong></span> <span class='ocrx_word' id='word_1_142' title='bbox 944 2151 1140 2214; x_wconf 74' lang='lat' dir='ltr'><strong>‘Romanum</strong></span> <span class='ocrx_word' id='word_1_143' title='bbox 1156 2151 1319 2236; x_wconf 89' lang='lat' dir='ltr'><strong>cynicum&#39;</strong></span> <span class='ocrx_word' id='word_1_144' title='bbox 1335 2151 1454 2216; x_wconf 89' lang='lat' dir='ltr'><strong>Varro-</strong></span> 
     </span>
     <span class='ocr_line' id='line_1_18' title="bbox 338 2251 1455 2338; baseline -0.001 -21"><span class='ocrx_word' id='word_1_145' title='bbox 338 2276 412 2318; x_wconf 90' lang='lat' dir='ltr'><strong>nem</strong></span> <span class='ocrx_word' id='word_1_146' title='bbox 435 2251 573 2337; x_wconf 87' lang='lat' dir='ltr'><strong>uocans)</strong></span> <span class='ocrx_word' id='word_1_147' title='bbox 596 2275 639 2317; x_wconf 88' lang='lat' dir='ltr'><strong>an</strong></span> <span class='ocrx_word' id='word_1_148' title='bbox 662 2253 704 2317; x_wconf 92' lang='lat' dir='ltr'><strong>ab</strong></span> <span class='ocrx_word' id='word_1_149' title='bbox 727 2253 899 2338; x_wconf 90' lang='lat' dir='ltr'><strong>omnigeno</strong></span> <span class='ocrx_word' id='word_1_150' title='bbox 923 2253 1065 2317; x_wconf 79' lang='lat' dir='ltr'><strong>carmine</strong></span> <span class='ocrx_word' id='word_1_151' title='bbox 1089 2275 1131 2317; x_wconf 89' lang='lat' dir='ltr'><strong>an</strong></span> <span class='ocrx_word' id='word_1_152' title='bbox 1151 2251 1237 2318; x_wconf 87' lang='lat' dir='ltr'><strong>forte</strong></span> <span class='ocrx_word' id='word_1_153' title='bbox 1252 2253 1294 2318; x_wconf 89' lang='lat' dir='ltr'><strong>ab</strong></span> <span class='ocrx_word' id='word_1_154' title='bbox 1310 2253 1360 2318; x_wconf 88' lang='lat' dir='ltr'><strong>his</strong></span> <span class='ocrx_word' id='word_1_155' title='bbox 1378 2252 1455 2316; x_wconf 88' lang='lat' dir='ltr'><strong>dua-</strong></span> 
     </span>
     <span class='ocr_line' id='line_1_19' title="bbox 337 2353 1457 2441; baseline -0.005 -19"><span class='ocrx_word' id='word_1_156' title='bbox 337 2357 399 2422; x_wconf 88' lang='lat' dir='ltr'><strong>bus</strong></span> <span class='ocrx_word' id='word_1_157' title='bbox 423 2355 520 2420; x_wconf 89' lang='lat' dir='ltr'><strong>rebus</strong></span> <span class='ocrx_word' id='word_1_158' title='bbox 545 2375 737 2441; x_wconf 88' lang='lat' dir='ltr'><strong>quocunque</strong></span> <span class='ocrx_word' id='word_1_159' title='bbox 765 2354 863 2420; x_wconf 93' lang='lat' dir='ltr'><strong>modo</strong></span> <span class='ocrx_word' id='word_1_160' title='bbox 886 2355 972 2420; x_wconf 91' lang='lat' dir='ltr'><strong>inter</strong></span> <span class='ocrx_word' id='word_1_161' title='bbox 1001 2377 1036 2419; x_wconf 89' lang='lat' dir='ltr'><strong>se</strong></span> <span class='ocrx_word' id='word_1_162' title='bbox 1064 2354 1263 2419; x_wconf 89' lang='lat' dir='ltr'><strong>consociatis</strong></span> <span class='ocrx_word' id='word_1_163' title='bbox 1290 2353 1457 2440; x_wconf 88' lang='lat' dir='ltr'><strong>Menippei</strong></span> 
     </span>
     <span class='ocr_line' id='line_1_20' title="bbox 339 2455 1456 2552; baseline -0.004 -30"><span class='ocrx_word' id='word_1_164' title='bbox 339 2480 500 2542; x_wconf 86' lang='lat' dir='ltr'><strong>agnomen</strong></span> <span class='ocrx_word' id='word_1_165' title='bbox 522 2457 694 2543; x_wconf 89' lang='lat' dir='ltr'><strong>acceperit,</strong></span> <span class='ocrx_word' id='word_1_166' title='bbox 719 2455 759 2521; x_wconf 91' lang='lat' dir='ltr'><strong>de</strong></span> <span class='ocrx_word' id='word_1_167' title='bbox 782 2456 938 2543; x_wconf 89' lang='lat' dir='ltr'><strong>Menippo</strong></span> <span class='ocrx_word' id='word_1_168' title='bbox 960 2457 1050 2552; x_wconf 75' lang='lat' dir='ltr'><strong>prius</strong></span> <span class='ocrx_word' id='word_1_169' title='bbox 1074 2479 1157 2543; x_wconf 91' lang='lat' dir='ltr'><strong>quae</strong></span> <span class='ocrx_word' id='word_1_170' title='bbox 1179 2455 1300 2520; x_wconf 87' lang='lat' dir='ltr'><strong>scimus</strong></span> <span class='ocrx_word' id='word_1_171' title='bbox 1323 2479 1383 2521; x_wconf 91' lang='lat' dir='ltr'><strong>suo</strong></span> <span class='ocrx_word' id='word_1_172' title='bbox 1407 2477 1456 2520; x_wconf 90' lang='lat' dir='ltr'><strong>or·</strong></span> 
     </span>
     <span class='ocr_line' id='line_1_21' title="bbox 339 2556 743 2644; baseline 0.005 -21"><span class='ocrx_word' id='word_1_173' title='bbox 339 2560 414 2624; x_wconf 91' lang='lat' dir='ltr'><strong>dine</strong></span> <span class='ocrx_word' id='word_1_174' title='bbox 436 2556 635 2644; x_wconf 84' lang='lat' dir='ltr'><strong>proferenda</strong></span> <span class='ocrx_word' id='word_1_175' title='bbox 658 2568 743 2625; x_wconf 87' lang='lat' dir='ltr'><strong>sunt.</strong></span> 
     </span>
    </p>

    <p class='ocr_par' dir='ltr' id='par_1_4' title="bbox 338 2658 1458 2948">
     <span class='ocr_line' id='line_1_22' title="bbox 401 2658 1456 2745; baseline 0.003 -23"><span class='ocrx_word' id='word_1_176' title='bbox 401 2658 592 2744; x_wconf 87' lang='lat' dir='ltr'><strong>Menippum</strong></span> <span class='ocrx_word' id='word_1_177' title='bbox 614 2660 722 2745; x_wconf 87' lang='lat' dir='ltr'><strong>patria</strong></span> <span class='ocrx_word' id='word_1_178' title='bbox 744 2659 986 2741; x_wconf 82' lang='lat' dir='ltr'><strong>Gadarensem,</strong></span> <span class='ocrx_word' id='word_1_179' title='bbox 1016 2663 1111 2725; x_wconf 90' lang='lat' dir='ltr'><strong>cuius</strong></span> <span class='ocrx_word' id='word_1_180' title='bbox 1138 2658 1244 2724; x_wconf 88' lang='lat' dir='ltr'><strong>uitam</strong></span> <span class='ocrx_word' id='word_1_181' title='bbox 1269 2659 1365 2724; x_wconf 88' lang='lat' dir='ltr'><strong>nimis</strong></span> <span class='ocrx_word' id='word_1_182' title='bbox 1393 2669 1456 2725; x_wconf 88' lang='lat' dir='ltr'><strong>sto·</strong></span> 
     </span>
     <span class='ocr_line' id='line_1_23' title="bbox 338 2759 1458 2848; baseline 0.002 -25"><span class='ocrx_word' id='word_1_183' title='bbox 338 2760 404 2824; x_wconf 90' lang='lat' dir='ltr'><strong>lide</strong></span> <span class='ocrx_word' id='word_1_184' title='bbox 421 2759 677 2825; x_wconf 89' lang='lat' dir='ltr'><strong>conscribillauit</strong></span> <span class='ocrx_word' id='word_1_185' title='bbox 692 2761 859 2845; x_wconf 87' lang='lat' dir='ltr'><strong>Diogenes</strong></span> <span class='ocrx_word' id='word_1_186' title='bbox 875 2762 1028 2827; x_wconf 79' lang='lat' dir='ltr'><strong>Laertius</strong></span> <span class='ocrx_word' id='word_1_187' title='bbox 1045 2761 1090 2847; x_wconf 88' lang='lat' dir='ltr'><strong>(V</strong></span> <span class='ocrx_word' id='word_1_188' title='bbox 1092 2762 1109 2828; x_wconf 93' lang='lat' dir='ltr'>I</span> <span class='ocrx_word' id='word_1_189' title='bbox 1124 2769 1165 2832; x_wconf 90' lang='grc'><strong>99</strong></span> <span class='ocrx_word' id='word_1_190' title='bbox 1187 2761 1285 2848; x_wconf 80' lang='lat' dir='ltr'><strong>sqq),</strong></span> <span class='ocrx_word' id='word_1_191' title='bbox 1307 2760 1458 2826; x_wconf 91' lang='lat' dir='ltr'><strong>floruisse</strong></span> 
     </span>
     <span class='ocr_line' id='line_1_24' title="bbox 340 2861 1457 2948; baseline -0.001 -22"><span class='ocrx_word' id='word_1_192' title='bbox 340 2861 469 2926; x_wconf 88' lang='lat' dir='ltr'><strong>circiter</strong></span> <span class='ocrx_word' id='word_1_193' title='bbox 503 2861 725 2948; x_wconf 89' lang='lat' dir='ltr'><strong>olympiadem</strong></span> <span class='ocrx_word' id='word_1_194' title='bbox 765 2863 978 2928; x_wconf 83' lang='lat' dir='ltr'><strong>centesimam</strong></span> <span class='ocrx_word' id='word_1_195' title='bbox 1019 2863 1258 2948; x_wconf 86' lang='lat' dir='ltr'><strong>sexagesimam</strong></span> <span class='ocrx_word' id='word_1_196' title='bbox 1298 2861 1457 2929; x_wconf 89' lang='lat' dir='ltr'><strong>Oehlerus</strong></span> 
     </span>
    </p>

    <p class='ocr_par' dir='ltr' id='par_1_5' title="bbox 180 2943 1519 4474">
     <span class='ocr_line' id='line_1_25' title="bbox 180 2943 1519 3092; baseline -0.005 -56"><span class='ocrx_word' id='word_1_197' title='bbox 180 3027 186 3036; x_wconf 80' lang='grc'><em>,</em></span> <span class='ocrx_word' id='word_1_198' title='bbox 227 2954 283 3092; x_wconf 57' lang='lat'><strong>‘22</strong></span> <span class='ocrx_word' id='word_1_199' title='bbox 339 2961 500 3051; x_wconf 83' lang='lat' dir='ltr'><strong>(prolegg.</strong></span> <span class='ocrx_word' id='word_1_200' title='bbox 523 2963 566 3028; x_wconf 88' lang='lat' dir='ltr'><strong>ad</strong></span> <span class='ocrx_word' id='word_1_201' title='bbox 582 2963 747 3028; x_wconf 64' lang='lat' dir='ltr'><strong>&#39;Varronis</strong></span> <span class='ocrx_word' id='word_1_202' title='bbox 771 2973 848 3030; x_wconf 90' lang='lat' dir='ltr'><strong>satt.</strong></span> <span class='ocrx_word' id='word_1_203' title='bbox 870 2987 902 3050; x_wconf 91' lang='lat' dir='ltr'><strong>p.</strong></span> <span class='ocrx_word' id='word_1_204' title='bbox 919 2972 959 3033; x_wconf 82' lang='grc'><strong>42</strong></span> <span class='ocrx_word' id='word_1_205' title='bbox 981 2967 1065 3052; x_wconf 88' lang='lat' dir='ltr'><strong>sqq.)</strong></span> <span class='ocrx_word' id='word_1_206' title='bbox 1088 2964 1306 3051; x_wconf 87' lang='lat' dir='ltr'><strong>probabiliter</strong></span> <span class='ocrx_word' id='word_1_207' title='bbox 1327 2962 1458 3029; x_wconf 89' lang='lat' dir='ltr'><strong>demon·</strong></span> <span class='ocrx_word' id='word_1_208' title='bbox 1512 2943 1519 2962; x_wconf 53' lang='lat'>⁸</span> 
     </span>
     <span class='ocr_line' id='line_1_26' title="bbox 236 3063 1458 3150; baseline 0.001 -21"><span class='ocrx_word' id='word_1_209' title='bbox 236 3119 243 3140; x_wconf 83' lang='grc'><strong>,</strong></span> <span class='ocrx_word' id='word_1_210' title='bbox 269 3119 278 3138; x_wconf 87' lang='grc'><strong>.</strong></span> <span class='ocrx_word' id='word_1_211' title='bbox 340 3065 469 3146; x_wconf 89' lang='lat' dir='ltr'><strong>strauit,</strong></span> <span class='ocrx_word' id='word_1_212' title='bbox 493 3065 612 3149; x_wconf 83' lang='lat' dir='ltr'><strong>uiginti</strong></span> <span class='ocrx_word' id='word_1_213' title='bbox 634 3065 703 3130; x_wconf 87' lang='lat' dir='ltr'><strong>fere</strong></span> <span class='ocrx_word' id='word_1_214' title='bbox 726 3065 820 3130; x_wconf 91' lang='lat' dir='ltr'><strong>annis</strong></span> <span class='ocrx_word' id='word_1_215' title='bbox 843 3075 1016 3150; x_wconf 88' lang='lat' dir='ltr'><strong>antequam</strong></span> <span class='ocrx_word' id='word_1_216' title='bbox 1030 3066 1138 3132; x_wconf 89' lang='lat' dir='ltr'><strong>Varro</strong></span> <span class='ocrx_word' id='word_1_217' title='bbox 1154 3075 1250 3131; x_wconf 89' lang='lat' dir='ltr'><strong>natus</strong></span> <span class='ocrx_word' id='word_1_218' title='bbox 1267 3075 1327 3131; x_wconf 88' lang='lat' dir='ltr'><strong>est.</strong></span> <span class='ocrx_word' id='word_1_219' title='bbox 1355 3063 1458 3130; x_wconf 88' lang='lat' dir='ltr'><strong>Paulo</strong></span> 
     </span>
     <span class='ocr_line' id='line_1_27' title="bbox 338 3167 1458 3254; baseline 0.002 -24"><span class='ocrx_word' id='word_1_220' title='bbox 338 3167 439 3252; x_wconf 88' lang='lat' dir='ltr'><strong>igitur</strong></span> <span class='ocrx_word' id='word_1_221' title='bbox 466 3169 587 3232; x_wconf 87' lang='lat' dir='ltr'><strong>nimius</strong></span> <span class='ocrx_word' id='word_1_222' title='bbox 622 3177 671 3231; x_wconf 87' lang='lat' dir='ltr'><strong>est</strong></span> <span class='ocrx_word' id='word_1_223' title='bbox 704 3168 849 3249; x_wconf 90' lang='lat' dir='ltr'><strong>Probus,</strong></span> <span class='ocrx_word' id='word_1_224' title='bbox 879 3167 998 3254; x_wconf 75' lang='lat' dir='ltr'><strong>‘longe&#39;</strong></span> <span class='ocrx_word' id='word_1_225' title='bbox 1028 3191 1101 3232; x_wconf 89' lang='lat' dir='ltr'><strong>eum</strong></span> <span class='ocrx_word' id='word_1_226' title='bbox 1134 3177 1241 3234; x_wconf 85' lang='lat' dir='ltr'><strong>aetate</strong></span> <span class='ocrx_word' id='word_1_227' title='bbox 1275 3168 1458 3232; x_wconf 87' lang='lat' dir='ltr'><strong>Varronem</strong></span> 
     </span>
     <span class='ocr_line' id='line_1_28' title="bbox 339 3268 1459 3358; baseline 0.002 -25"><span class='ocrx_word' id='word_1_228' title='bbox 339 3269 561 3358; x_wconf 86' lang='lat' dir='ltr'><strong>praecessisse</strong></span> <span class='ocrx_word' id='word_1_229' title='bbox 581 3270 640 3334; x_wconf 90' lang='lat' dir='ltr'><strong>ubi</strong></span> <span class='ocrx_word' id='word_1_230' title='bbox 661 3268 821 3356; x_wconf 88' lang='lat' dir='ltr'><strong>perhibet.</strong></span> <span class='ocrx_word' id='word_1_231' title='bbox 859 3268 1058 3354; x_wconf 85' lang='lat' dir='ltr'><strong>Cynicorum</strong></span> <span class='ocrx_word' id='word_1_232' title='bbox 1080 3281 1189 3335; x_wconf 87' lang='lat' dir='ltr'><strong>sectae</strong></span> <span class='ocrx_word' id='word_1_233' title='bbox 1212 3268 1364 3335; x_wconf 89' lang='lat' dir='ltr'><strong>addictus</strong></span> <span class='ocrx_word' id='word_1_234' title='bbox 1388 3280 1459 3335; x_wconf 88' lang='lat' dir='ltr'><strong>erat</strong></span> 
     </span>
     <span class='ocr_line' id='line_1_29' title="bbox 340 3369 1458 3460; baseline -0.003 -22"><span class='ocrx_word' id='word_1_235' title='bbox 340 3371 538 3457; x_wconf 85' lang='lat' dir='ltr'><strong>scripsitque</strong></span> <span class='ocrx_word' id='word_1_236' title='bbox 559 3369 681 3434; x_wconf 90' lang='lat' dir='ltr'><strong>similia</strong></span> <span class='ocrx_word' id='word_1_237' title='bbox 702 3382 800 3457; x_wconf 87' lang='lat' dir='ltr'><strong>atque</strong></span> <span class='ocrx_word' id='word_1_238' title='bbox 823 3370 880 3435; x_wconf 88' lang='lat' dir='ltr'><strong>alii</strong></span> <span class='ocrx_word' id='word_1_239' title='bbox 908 3370 1039 3458; x_wconf 88' lang='lat' dir='ltr'><strong>quidam</strong></span> <span class='ocrx_word' id='word_1_240' title='bbox 1068 3373 1137 3436; x_wconf 87' lang='lat' dir='ltr'><strong>eius</strong></span> <span class='ocrx_word' id='word_1_241' title='bbox 1160 3370 1386 3460; x_wconf 87' lang='lat' dir='ltr'><strong>philosophiae</strong></span> <span class='ocrx_word' id='word_1_242' title='bbox 1408 3393 1458 3436; x_wconf 89' lang='lat' dir='ltr'><strong>as-</strong></span> 
     </span>
     <span class='ocr_line' id='line_1_30' title="bbox 340 3471 1458 3561; baseline -0.001 -23"><span class='ocrx_word' id='word_1_243' title='bbox 340 3471 463 3556; x_wconf 87' lang='lat' dir='ltr'><strong>seclae,</strong></span> <span class='ocrx_word' id='word_1_244' title='bbox 487 3473 567 3538; x_wconf 87' lang='lat' dir='ltr'><strong>talia</strong></span> <span class='ocrx_word' id='word_1_245' title='bbox 596 3473 668 3538; x_wconf 92' lang='lat' dir='ltr'><strong>dico</strong></span> <span class='ocrx_word' id='word_1_246' title='bbox 691 3474 811 3559; x_wconf 89' lang='lat' dir='ltr'><strong>quibus</strong></span> <span class='ocrx_word' id='word_1_247' title='bbox 839 3473 925 3537; x_wconf 84' lang='lat' dir='ltr'><strong>seria</strong></span> <span class='ocrx_word' id='word_1_248' title='bbox 952 3473 1127 3561; x_wconf 82' lang='lat' dir='ltr'><strong>iocoseque</strong></span> <span class='ocrx_word' id='word_1_249' title='bbox 1154 3473 1262 3560; x_wconf 89' lang='lat' dir='ltr'><strong>lepide</strong></span> <span class='ocrx_word' id='word_1_250' title='bbox 1286 3474 1458 3560; x_wconf 91' lang='lat' dir='ltr'><strong>permisce-</strong></span> 
     </span>
     <span class='ocr_line' id='line_1_31' title="bbox 339 3574 1460 3660; baseline 0 -20"><span class='ocrx_word' id='word_1_251' title='bbox 339 3575 476 3657; x_wconf 79' lang='lat' dir='ltr'><strong>bantur,</strong></span> <span class='ocrx_word' id='word_1_252' title='bbox 505 3574 558 3640; x_wconf 89' lang='lat' dir='ltr'><strong>uel</strong></span> <span class='ocrx_word' id='word_1_253' title='bbox 585 3576 694 3660; x_wconf 91' lang='lat' dir='ltr'><strong>potius</strong></span> <span class='ocrx_word' id='word_1_254' title='bbox 723 3575 842 3660; x_wconf 91' lang='lat' dir='ltr'><strong>quibus</strong></span> <span class='ocrx_word' id='word_1_255' title='bbox 869 3575 1019 3642; x_wconf 74' lang='lat' dir='ltr'><strong>‘ridendo</strong></span> <span class='ocrx_word' id='word_1_256' title='bbox 1049 3576 1158 3640; x_wconf 89' lang='lat' dir='ltr'><strong>dicere</strong></span> <span class='ocrx_word' id='word_1_257' title='bbox 1186 3581 1318 3640; x_wconf 85' lang='lat' dir='ltr'><strong>uerum&#39;</strong></span> <span class='ocrx_word' id='word_1_258' title='bbox 1347 3584 1385 3639; x_wconf 90' lang='lat' dir='ltr'><strong>ut</strong></span> <span class='ocrx_word' id='word_1_259' title='bbox 1411 3575 1460 3640; x_wconf 92' lang='grc'><strong>611</strong></span> 
     </span>
     <span class='ocr_line' id='line_1_32' title="bbox 340 3675 1459 3764; baseline 0.003 -25"><span class='ocrx_word' id='word_1_260' title='bbox 340 3676 500 3742; x_wconf 88' lang='lat' dir='ltr'><strong>Horatius</strong></span> <span class='ocrx_word' id='word_1_261' title='bbox 524 3676 672 3762; x_wconf 90' lang='lat' dir='ltr'><strong>seriaque</strong></span> <span class='ocrx_word' id='word_1_262' title='bbox 700 3677 810 3741; x_wconf 89' lang='lat' dir='ltr'><strong>iocose</strong></span> <span class='ocrx_word' id='word_1_263' title='bbox 839 3677 1023 3764; x_wconf 84' lang='lat' dir='ltr'><strong>exprimere</strong></span> <span class='ocrx_word' id='word_1_264' title='bbox 1053 3677 1267 3744; x_wconf 86' lang='lat' dir='ltr'><strong>conabantur.</strong></span> <span class='ocrx_word' id='word_1_265' title='bbox 1310 3675 1364 3741; x_wconf 88' lang='lat' dir='ltr'><strong>Ita</strong></span> <span class='ocrx_word' id='word_1_266' title='bbox 1389 3675 1459 3742; x_wconf 90' lang='lat' dir='ltr'><strong>Mo-</strong></span> 
     </span>
     <span class='ocr_line' id='line_1_33' title="bbox 340 3775 1459 3866; baseline -0.001 -26"><span class='ocrx_word' id='word_1_267' title='bbox 340 3777 447 3840; x_wconf 88' lang='lat' dir='ltr'><strong>nimus</strong></span> <span class='ocrx_word' id='word_1_268' title='bbox 471 3777 605 3863; x_wconf 89' lang='lat' dir='ltr'><strong>cynicus</strong></span> <span class='ocrx_word' id='word_1_269' title='bbox 627 3779 768 3860; x_wconf 78' lang='grc' dir='ltr'><em>παίγνια</em></span> <span class='ocrx_word' id='word_1_270' title='bbox 790 3779 921 3864; x_wconf 89' lang='lat' dir='ltr'><strong>scripsit</strong></span> <span class='ocrx_word' id='word_1_271' title='bbox 936 3778 1252 3866; x_wconf 66' lang='grc' dir='ltr'><strong><em>σπουδῇλεληθυίᾳ</em></strong></span> <span class='ocrx_word' id='word_1_272' title='bbox 1273 3775 1459 3860; x_wconf 78' lang='grc' dir='ltr'><em>μεμιγμένα</em></span> 
     </span>
     <span class='ocr_line' id='line_1_34' title="bbox 341 3878 1460 3967; baseline 0.001 -24"><span class='ocrx_word' id='word_1_273' title='bbox 341 3879 455 3965; x_wconf 76' lang='lat' dir='ltr'><strong>(Diog.</strong></span> <span class='ocrx_word' id='word_1_274' title='bbox 484 3878 595 3943; x_wconf 87' lang='lat' dir='ltr'><strong>Laert.</strong></span> <span class='ocrx_word' id='word_1_275' title='bbox 624 3879 673 3944; x_wconf 92' lang='lat' dir='ltr'><strong>VI</strong></span> <span class='ocrx_word' id='word_1_276' title='bbox 702 3879 774 3964; x_wconf 86' lang='lat'><strong>83),</strong></span> <span class='ocrx_word' id='word_1_277' title='bbox 809 3880 854 3944; x_wconf 89' lang='lat' dir='ltr'><strong>ad</strong></span> <span class='ocrx_word' id='word_1_278' title='bbox 882 3902 1022 3967; x_wconf 90' lang='lat' dir='ltr'><strong>quorum</strong></span> <span class='ocrx_word' id='word_1_279' title='bbox 1055 3878 1241 3966; x_wconf 85' lang='lat' dir='ltr'><strong>exemplum</strong></span> <span class='ocrx_word' id='word_1_280' title='bbox 1267 3879 1460 3967; x_wconf 89' lang='lat' dir='ltr'><strong>Menippum</strong></span> 
     </span>
     <span class='ocr_line' id='line_1_35' title="bbox 340 3979 1459 4067; baseline 0.001 -23"><span class='ocrx_word' id='word_1_281' title='bbox 340 3980 442 4046; x_wconf 90' lang='lat' dir='ltr'><strong>libros</strong></span> <span class='ocrx_word' id='word_1_282' title='bbox 477 4001 553 4044; x_wconf 90' lang='lat' dir='ltr'><strong>suos</strong></span> <span class='ocrx_word' id='word_1_283' title='bbox 587 3981 770 4045; x_wconf 87' lang='lat' dir='ltr'><strong>instituisse</strong></span> <span class='ocrx_word' id='word_1_284' title='bbox 804 3980 967 4046; x_wconf 87' lang='lat' dir='ltr'><strong>Prellerus</strong></span> <span class='ocrx_word' id='word_1_285' title='bbox 1003 3982 1154 4067; x_wconf 90' lang='lat' dir='ltr'><strong>opinatus</strong></span> <span class='ocrx_word' id='word_1_286' title='bbox 1189 3991 1240 4045; x_wconf 89' lang='lat' dir='ltr'><strong>est</strong></span> <span class='ocrx_word' id='word_1_287' title='bbox 1273 3979 1362 4066; x_wconf 83' lang='lat' dir='ltr'><strong>(ann.</strong></span> <span class='ocrx_word' id='word_1_288' title='bbox 1395 3979 1459 4045; x_wconf 86' lang='lat' dir='ltr'><strong>litt.</strong></span> 
     </span>
     <span class='ocr_line' id='line_1_36' title="bbox 340 4081 1458 4170; baseline 0 -24"><span class='ocrx_word' id='word_1_289' title='bbox 340 4083 469 4146; x_wconf 88' lang='lat' dir='ltr'><strong>lenens.</strong></span> <span class='ocrx_word' id='word_1_290' title='bbox 495 4091 576 4154; x_wconf 84' lang='lat'>1847</span> <span class='ocrx_word' id='word_1_291' title='bbox 607 4106 639 4169; x_wconf 84' lang='lat' dir='ltr'><strong>p-</strong></span> <span class='ocrx_word' id='word_1_292' title='bbox 663 4082 755 4169; x_wconf 83' lang='lat'>621);</span> <span class='ocrx_word' id='word_1_293' title='bbox 790 4083 837 4147; x_wconf 87' lang='lat' dir='ltr'><strong>ita</strong></span> <span class='ocrx_word' id='word_1_294' title='bbox 863 4082 1027 4167; x_wconf 89' lang='lat' dir='ltr'><strong>Meleager</strong></span> <span class='ocrx_word' id='word_1_295' title='bbox 1055 4082 1203 4169; x_wconf 90' lang='lat' dir='ltr'><strong>Menippi</strong></span> <span class='ocrx_word' id='word_1_296' title='bbox 1231 4091 1263 4146; x_wconf 90' lang='grc'><strong>61</strong></span> <span class='ocrx_word' id='word_1_297' title='bbox 1290 4081 1458 4170; x_wconf 88' lang='lat' dir='ltr'><strong>popularis</strong></span> 
     </span>
     <span class='ocr_line' id='line_1_37' title="bbox 342 4176 1458 4271; baseline 0 -25"><span class='ocrx_word' id='word_1_298' title='bbox 342 4193 374 4247; x_wconf 92' lang='lat' dir='ltr'><strong>et</strong></span> <span class='ocrx_word' id='word_1_299' title='bbox 396 4185 543 4249; x_wconf 90' lang='lat' dir='ltr'><strong>imitator</strong></span> <span class='ocrx_word' id='word_1_300' title='bbox 565 4183 622 4269; x_wconf 88' lang='lat' dir='ltr'><strong>(cf.</strong></span> <span class='ocrx_word' id='word_1_301' title='bbox 639 4183 759 4251; x_wconf 84' lang='lat' dir='ltr'><strong>Strabo</strong></span> <span class='ocrx_word' id='word_1_302' title='bbox 776 4185 867 4250; x_wconf 90' lang='lat' dir='ltr'><strong>XVI</strong></span> <span class='ocrx_word' id='word_1_303' title='bbox 877 4185 907 4268; x_wconf 81' lang='lat'><strong>2,</strong></span> <span class='ocrx_word' id='word_1_304' title='bbox 926 4194 965 4254; x_wconf 83' lang='lat'><strong>29</strong></span> <span class='ocrx_word' id='word_1_305' title='bbox 982 4194 1013 4248; x_wconf 88' lang='grc'><strong>61</strong></span> <span class='ocrx_word' id='word_1_306' title='bbox 1035 4183 1138 4248; x_wconf 81' lang='lat' dir='ltr'><strong>Anth.</strong></span> <span class='ocrx_word' id='word_1_307' title='bbox 1153 4206 1202 4269; x_wconf 87' lang='lat' dir='ltr'><strong>gr.</strong></span> <span class='ocrx_word' id='word_1_308' title='bbox 1222 4183 1325 4271; x_wconf 89' lang='lat' dir='ltr'><strong>epigr.</strong></span> <span class='ocrx_word' id='word_1_309' title='bbox 1342 4176 1458 4248; x_wconf 69' lang='lat' dir='ltr'><strong>deson.</strong></span> 
     </span>
     <span class='ocr_line' id='line_1_38' title="bbox 342 4284 1460 4373; baseline -0.002 -21"><span class='ocrx_word' id='word_1_310' title='bbox 342 4293 414 4354; x_wconf 83' lang='lat'><strong>572.</strong></span> <span class='ocrx_word' id='word_1_311' title='bbox 432 4284 590 4370; x_wconf 91' lang='lat' dir='ltr'><strong>Meleagri</strong></span> <span class='ocrx_word' id='word_1_312' title='bbox 613 4287 714 4372; x_wconf 90' lang='lat' dir='ltr'><strong>epigr.</strong></span> <span class='ocrx_word' id='word_1_313' title='bbox 734 4287 808 4373; x_wconf 82' lang='lat'>127)</span> <span class='ocrx_word' id='word_1_314' title='bbox 825 4285 997 4372; x_wconf 84' lang='lat' dir='ltr'><strong>scripsisse</strong></span> <span class='ocrx_word' id='word_1_315' title='bbox 1019 4284 1162 4368; x_wconf 90' lang='lat' dir='ltr'><strong>uidetur,</strong></span> <span class='ocrx_word' id='word_1_316' title='bbox 1186 4286 1278 4349; x_wconf 89' lang='lat' dir='ltr'><strong>cuius</strong></span> <span class='ocrx_word' id='word_1_317' title='bbox 1302 4284 1460 4372; x_wconf 84' lang='lat' dir='ltr'><strong>reliquiae</strong></span> 
     </span>
     <span class='ocr_line' id='line_1_39' title="bbox 341 4384 1459 4474; baseline 0.004 -26"><span class='ocrx_word' id='word_1_318' title='bbox 341 4385 474 4471; x_wconf 91' lang='lat' dir='ltr'><strong>quidem</strong></span> <span class='ocrx_word' id='word_1_319' title='bbox 501 4384 661 4473; x_wconf 88' lang='lat' dir='ltr'><strong>pauculae</strong></span> <span class='ocrx_word' id='word_1_320' title='bbox 693 4391 783 4474; x_wconf 89' lang='lat' dir='ltr'><strong>(nam</strong></span> <span class='ocrx_word' id='word_1_321' title='bbox 815 4389 1053 4474; x_wconf 86' lang='lat' dir='ltr'><strong>epigrammata</strong></span> <span class='ocrx_word' id='word_1_322' title='bbox 1084 4389 1148 4451; x_wconf 90' lang='lat' dir='ltr'><strong>huc</strong></span> <span class='ocrx_word' id='word_1_323' title='bbox 1180 4409 1247 4452; x_wconf 90' lang='lat' dir='ltr'><strong>non</strong></span> <span class='ocrx_word' id='word_1_324' title='bbox 1279 4385 1459 4473; x_wconf 83' lang='lat' dir='ltr'><strong>pertinent)</strong></span> 
     </span>
    </p>
   </div>
   <div class='ocr_carea' id='block_1_4' title="bbox 0 0 1647 5296">
    <p class='ocr_par' dir='ltr' id='par_1_6' title="bbox 0 0 1647 5296">
     <span class='ocr_line' id='line_1_40' title="bbox 0 0 1647 5296; baseline 0 0"><span class='ocrx_word' id='word_1_325' title='bbox 0 0 1647 5296; x_wconf 95' lang='lat' dir='ltr'><strong> </strong></span> 
     </span>
    </p>
   </div>
  </div>
 </body>
</html>
