3274 5296
341 443 380 506 12
814 446 945 536 capvt
976 447 986 500 l

337 605 469 695 μέτρων
491 608 635 692 βίβηκα’
660 608 803 674 dilucide
826 607 1016 690 ostendunt,
1046 630 1087 671 ne
1109 629 1188 672 uero
1210 607 1245 669 in
1268 605 1334 674 iltis
1358 599 1454 670 ‘oriae

339 706 433 792 πεζός
456 713 521 794 εἰμι
544 700 623 774 οὔτε
646 705 699 772 ἐπὶ
720 711 789 772 τῶν
809 705 943 791 μέτρων
961 705 1105 790 βέβηκα
1129 707 1227 772 talem
1247 708 1320 794 quis
1335 709 1454 772 utrius-

338 837 399 902 que
422 812 580 878 sermonis
608 813 771 876 inunum
798 832 900 895 genus
929 809 1154 876 confusionem
1182 809 1290 873 inesse
1312 810 1454 896 suspice-

338 926 409 998 tur,
439 914 544 1002 qualis
572 921 624 978 est
651 910 765 976 inille
787 915 866 998 πεζῇ
894 913 1063 996 ποιητικῇ,
1089 933 1152 996 quo
1180 911 1310 976 nomine
1337 910 1454 976 Lucia·

340 1040 401 1081 nus
425 1037 532 1103 quom.
554 1015 631 1078 hist.
654 1036 778 1080 consor.
795 1037 821 1078 s.
837 1037 908 1100 cap.
926 1023 945 1084 8
967 1035 1075 1077 rerum
1097 1023 1264 1098 gestarum
1286 1011 1455 1078 historiam
1513 1053 1519 1072 .

338 1117 485 1206 prosarie
507 1116 639 1202 quidem
661 1116 878 1202 conscriptam
902 1111 960 1180 sed
978 1114 1089 1180 uerbis
1112 1115 1240 1201 poetice
1263 1115 1453 1180 sonantibus

338 1220 528 1285 abutentem
551 1217 710 1302 designat,
733 1216 768 1281 id
791 1239 830 1280 ea
843 1239 879 1280 re
894 1215 1086 1302 prohibetur
1105 1216 1193 1302 quod
1215 1215 1310 1278 nimis
1334 1213 1455 1280 elatum

337 1322 521 1408 poeticique
549 1319 677 1384 ardoris
706 1317 837 1404 plenum
865 1340 1046 1383 sermonem
1072 1317 1228 1404 Menippo
1262 1315 1326 1398 illi,
1362 1317 1453 1381 ouius
1480 1401 1484 1410 1

338 1423 462 1509 scripta
489 1415 738 1502 “καταγὲλωτος
765 1413 876 1502 φέρετ’
904 1440 1109 1506 nequaquam
1136 1441 1310 1505 possumus
1343 1439 1455 1484 conce·

339 1525 426 1589 dere.
460 1523 542 1588 Cum
563 1522 666 1607 igitur
687 1545 792 1608 neque
814 1520 1203 1608 pedestremsermonem
1225 1521 1362 1607 poeticis
1384 1542 1454 1585 uer-

337 1627 399 1692 bis·
413 1624 563 1689 indutum
591 1632 688 1710 atque
721 1625 826 1687 minus
855 1623 955 1687 etiam
981 1622 1137 1686 continua
1164 1621 1309 1686 carmina
1335 1620 1454 1686 indolis

338 1727 435 1792 nimis
458 1725 626 1812 prosariae
649 1747 688 1788 ea
715 1724 818 1790 uerba
840 1723 1024 1808 significare
1050 1723 1194 1809 possint,
1239 1722 1298 1788 uid
1319 1723 1385 1787 iam
1406 1745 1455 1786 re-

338 1828 451 1894 lictum
473 1837 541 1909 est,
571 1827 636 1890 nisi
666 1836 703 1891 ut
724 1835 862 1912 utroque
889 1847 1037 1890 sermone
1065 1848 1143 1890 uero
1168 1834 1201 1890 et
1222 1825 1363 1909 genuino
1386 1823 1455 1888 eius

338 1928 466 1995 libellos
494 1927 596 1996 fuisse
628 1928 825 2014 compositos
860 1950 877 1992 e
905 1926 1043 1992 Luciani
1077 1927 1187 1992 uerbis
1223 1927 1319 1992 nobis
1341 1941 1455 1990 ¹suma-

338 2032 435 2096 mus?
469 2030 561 2111 Quae
590 2028 722 2116 quidem
748 2029 893 2094 earmina
922 2048 996 2092 cum
1024 2028 1114 2116 apud
1141 2028 1323 2094 Lucianum
1348 2028 1457 2114 ipsum

280 2173 285 2182 ·
338 2155 398 2199 nee
419 2130 663 2219 permulta'nec
688 2153 867 2217 permagna
893 2130 1120 2212 inueniantur,
1150 2128 1239 2216 apud
1265 2129 1456 2215 Menippum

228 2307 230 2311 ,
339 2257 467 2322 quoque
483 2255 579 2320 quem
594 2231 649 2297 ille
663 2233 813 2298 imitatur
828 2255 897 2297 rem
914 2231 1009 2297 aliter
1025 2231 1210 2296 institutam
1227 2230 1331 2296 fuisse
1345 2229 1392 2293 nil
1407 2238 1457 2294 est

339 2335 428 2424 quod
443 2335 591 2400 suadeat.
628 2336 716 2400 Ante
729 2334 922 2422 Menippum
944 2334 1009 2397 iam
1032 2333 1183 2398 extitisse
1205 2333 1261 2419 qui
1282 2343 1457 2418 utrumque

340 2459 522 2504 samonem
553 2433 797 2518 coniunxerint,
830 2449 911 2500 nors
927 2435 1085 2501 habemus
1120 2445 1336 2520 compertum3
1372 2435 1457 2500 Bion

338 2549 426 2611 certe
441 2537 690 2624 Borysthenites
707 2559 805 2624 quem
827 2527 906 2620 ‘triv
922 2537 1130 2619 φιλοσοφίαν
1152 2527 1279 2600 ἀνθινὰ
1301 2534 1457 2602 ἐνδῦσαν

338 2633 574 2706 Eratosthenes
598 2639 682 2704 dixit
705 2642 752 2724 (u.
776 2639 903 2724 supra),
927 2639 991 2702 alia
1013 2639 1141 2704 ratione
1163 2638 1227 2704 hoo
1247 2640 1379 2724 negotio
1403 2638 1456 2703 de-

278 2763 281 2768 ·
338 2741 470 2806 functus
500 2751 560 2806 est.
605 2739 712 2826 Huius
741 2741 862 2804 etenim
890 2738 930 2804 de
952 2741 1103 2806 uersibus
1132 2763 1215 2827 quae
1237 2749 1458 2807 memorantur

339 2842 428 2930 apud
451 2826 677 2929 semiorum
699 2841 742 2906 ad
764 2841 846 2906 Hor.
870 2863 943 2928 epp.
968 2841 1057 2924 112,
1081 2851 1121 2914 58
1143 2843 1275 2908 nonnisi
1297 2841 1456 2940 adnparo-
1512 2847 1519 2856 “

339 2945 411 3010 dias
433 2943 608 3008 referenda
635 2943 805 3027 uidentur,
833 2945 1028 3030 praesertim
1056 2965 1129 3007 cum
1157 2935 1304 3028 ‘soporis
1332 2939 1375 3027 ἡν
1402 2940 1457 3008 καὶ

340 3045 556 3132 παρφὸῆσαι’
587 3043 700 3136 (Diog.
727 3046 767 3110 L.
790 3046 840 3110 IV
863 3047 937 3134 52);
971 3053 1003 3109 et
1031 3045 1060 3109 si
1092 3045 1224 3132 quidem
1257 3047 1381 3111 Acroni
1413 3045 1457 3110 ad
1565 3115 1568 3126 ¹

338 3149 420 3214 Hor.
448 3145 469 3211 l.
500 3169 528 3211 c.
563 3150 682 3230 (wion
710 3153 763 3226 qm
793 3153 939 3228 sophistes
971 3154 1199 3226 coquommams
1225 3159 1283 3227 est,
1321 3155 1353 3212 m
1381 3153 1458 3212 libro

339 3271 425 3329 quem
447 3255 543 3314 cotom
570 3254 806 3313 mordacissimis
831 3255 945 3314 salibus
972 3269 1009 3313 co
1038 3270 1116 3328 quoe
1143 3256 1229 3330 opud
1250 3260 1360 3330 poetas
1387 3260 1458 3314 suot

339 3359 383 3417 ito
404 3358 564 3429 lacerarit,
588 3363 620 3416 m
641 3373 680 3416 me
693 3357 826 3434 Homero
848 3357 967 3431 quidem
983 3350 1157 3435 parceres)
1194 3350 1276 3416 fides
1304 3349 1458 3416 habenda

339 3463 405 3536 est,
436 3454 479 3518 ad
507 3476 606 3519 unum
629 3452 771 3540 aliquem
792 3452 1004 3539 parodiarum
1030 3451 1165 3536 librum,
1194 3452 1238 3518 cf.
1261 3451 1456 3517 Welckerus

338 3554 444 3644 praef.
466 3555 618 3640 Theogna
636 3578 668 3641 p.
684 3554 899 3620 LXXXVII.
929 3553 1200 3620 Waohsmuthius
1223 3553 1244 3620 l.
1262 3576 1289 3618 c.
1305 3578 1338 3641 p.
1355 3563 1395 3622 40
1408 3574 1456 3639 sq.

338 3657 425 3720 Nam
447 3655 720 3742 quodPrellerus
744 3679 761 3720 e
783 3655 943 3741 Diogenis
961 3656 1077 3741 uerbis
1093 3655 1143 3720 IV
1158 3665 1215 3726 52:
1240 3640 1320 3720 ’Ἦν
1343 3649 1379 3718 δὲ
1402 3651 1457 3718 καλ

339 3747 517 3840 θεατρικὸς
545 3753 600 3820 καὶ
628 3755 798 3832 πολύφέν
820 3759 866 3844 τῷ
892 3759 1012 3844 γελοίῳ
1036 3756 1254 3840 διαφορῆσαι,
1283 3766 1458 3838 φορτικοῖς

290 3907 291 3912 1
340 3851 480 3942 ὀνόμασι
502 3849 586 3922 κατὰ
614 3857 681 3920 τῶν
710 3858 915 3942 πραγμάτων
942 3851 1120 3943 χρώμενος.
1166 3849 1234 3922 Ami
1261 3849 1303 3940 δὴ
1333 3843 1457 3921 οὖντὸ

339 3957 462 4024 παντὶ
485 3959 589 4023 εἴδει
612 3953 739 4042 λόγου
767 3959 1003 4044 κεκρᾶσθαι
1030 3955 1113 4042 φασλ
1140 3955 1252 4042 λέγειν
1274 3952 1326 4022 ἐπ’
1352 3955 1459 4022 αὐτοῦ

339 4055 399 4128 τὸν
417 4054 673 4144 Ἐρατοσθένην,
691 4051 734 4136 uis
757 4065 888 4141 πρῶτος
901 4064 994 4126 Βίων
1015 4052 1078 4145 τὴν
1100 4061 1309 4144 φιλοσοφίαν
1332 4051 1458 4123 ἀνθινὰ

339 4159 509 4228 ἐνέδυσεν.
540 4154 669 4247 εὐφυὴς
696 4154 760 4246 γὰρ
783 4149 827 4247 ἦν
856 4161 911 4227 καὶ
934 4161 1147 4248 ταρφιλῆσαι’
1171 4162 1348 4245 concludit,
1371 4165 1458 4227 inter

339 4266 433 4331 uaria
454 4267 534 4330 haee
556 4287 678 4350 genera
700 4265 740 4330 de
763 4288 861 4353 prosa
888 4287 1016 4352 quoque
1039 4276 1071 4330 et
1099 4265 1190 4352 poesi
1217 4265 1455 4330 alternantibus

339 4365 549 4450 cogitandum
571 4389 654 4451 esse,
678 4387 744 4431 non
767 4367 847 4450 satis
869 4369 943 4452 ipsa
964 4366 1067 4431 uerba
1088 4368 1231 4454 respicit,
1253 4389 1337 4454 quae
1352 4389 1455 4452 genus
