3274 5296
333 444 373 508 10
803 451 931 507 CAPVl'
960 452 970 507 l

331 622 453 678 tumet
475 613 766 678 fumumhaber'et.
810 614 921 678 Vnum
943 622 1069 677 tantum
1096 613 1212 678 afferre
1235 613 1316 686 libet
1336 615 1444 682 locum

297 785 302 792 ‚
331 736 374 778 ex
395 716 669 796 Νεκνομαντείας
697 738 724 778 ο.
749 723 786 783 21
817 715 875 779 ubi
902 713 986 780 hanc
1014 738 1049 778 se
1077 737 1097 778 a
1124 715 1252 780 Tiresia
1279 718 1445 802 accepisse

332 815 527 881 sententiam
547 826 679 880 narrat:
709 806 745 880 ‘d
773 819 841 879 scic
869 814 1012 880 ἰδιωτῶν
1040 810 1174 896 άριστος
1201 817 1274 898 βίος
1297 815 1354 882 καὶ
1376 835 1444 882 σω-

331 916 572 999 φρονέστερος·
596 907 641 992 sig
661 920 719 1000 τῆς
740 909 937 1000 ἀφροσύνης
958 911 1172 1000 παυσάμενος
1193 921 1257 988 τοῦ
1277 941 1444 1003 μετεωρο-

331 1021 445 1100 λογεῐν
478 1015 534 1082 καὶ
570 1018 647 1101 τέλη
682 1017 737 1083 καὶ
773 1011 874 1101 άρχάς
910 1017 1104 1083 ἐπισκοπεῖν
1141 1016 1196 1096 καὶ
1233 1018 1446 1096 καταπτύσας

330 1119 399 1184 τῶν
425 1121 545 1202 σοφεόν
577 1117 709 1184 τούτων
743 1119 979 1203 συλλογισμῶν
1012 1118 1067 1185 καὶ
1093 1114 1140 1185 τά
1171 1121 1312 1186 τοιαῦτα
1341 1123 1446 1206 λῆρον

330 1213 539 1305 ἡγησάμενος
572 1221 671 1286 τοῦτο
700 1218 809 1305 μόνον
841 1220 875 1300 ἐξ
903 1214 1051 1298 ἅπαντος
1081 1221 1235 1309 θηράσῃ,
1269 1215 1374 1306 ὅπως,
1407 1218 1446 1288 τὸ

331 1316 441 1405 παρὸν
469 1308 507 1388 εὖ
534 1323 688 1406 θέμενος,
719 1323 940 1409 παραδράμῃς
962 1326 1070 1407 γελῶν
1092 1316 1132 1389 τά
1162 1317 1272 1390 πολλὰ
1293 1322 1348 1390 καὶ
1370 1323 1447 1410 περὶ
1510 1333 1514 1344 ’

330 1420 436 1508 μηδὲν
463 1421 708 1501 ἐσπουδακώς.’
763 1425 803 1490 In
828 1425 879 1490 his
911 1437 1023 1491 autern
1049 1448 1091 1490 nc
1121 1425 1246 1492 diutius
1282 1427 1445 1509 immorer,

330 1528 561 1613 inscriptiones
584 1529 697 1592 statim
724 1526 884 1593 librorum
911 1528 982 1591 eius
1005 1538 1165 1614 quotquot
1194 1538 1343 1594 seruatae
1371 1538 1449 1610 sunt

331 1629 518 1694 recensebo
561 1628 616 1692 Ex
638 1628 796 1693 tredecim
823 1629 924 1714 igitur
951 1650 1033 1716 quos
1063 1630 1196 1715 scripsit
1217 1629 1310 1696 libris
1335 1629 1447 1714 (Diog.

330 1729 369 1795 L.
392 1728 443 1794 VI
473 1729 547 1816 101)
582 1729 616 1792 hi
650 1739 728 1794 sunt
759 1752 840 1816 quos
872 1729 1038 1795 nouimus:
1076 1732 1219 1795 Νεκυΐα.
1264 1733 1446 1814 Διαθῆκαι.

328 1822 551 1911 Ἀρκεσίλαος.
575 1825 785 1913 Συμπόσιον.
805 1824 992 1895 Ἐπιστολαὶ
1014 1825 1284 1916 κεκομψευμέναι
1299 1823 1365 1896 άπὸ
1386 1833 1450 1904 τοῦ

331 1931 399 1996 τῶν
419 1934 514 1996 θεῶν
535 1930 729 2016 προστάτου.
757 1928 852 2017 Πρὸς
878 1926 958 2009 τοὺς
985 1924 1153 2016 φυσικοὺς
1171 1930 1235 2010 ,καὶ
1262 1939 1448 2018 μαθηματι-

384 2025 391 2048 l

296 2041 304 2138 q
332 2055 413 2108 κονς
435 2029 491 2097 καὶ
512 2025 763 2118 γραμματικοῦς
784 2031 840 2098 καὶ
862 2028 965 2117 γονάς
987 2029 1188 2116 Ἐπικούρου
1212 2035 1367 2120 (fortasse
1393 2033 1449 2100 uui

297 2141 309 2309 q
333 2130 431 2213 δόξας
455 2130 656 2220 Ἐπικούρου
662 2186 672 2216 ,
706 2147 744 2202 ut
770 2137 938 2223 impugnet
969 2136 1090 2203 librum
1118 2159 1214 2225 quem
1241 2136 1296 2202 ille
1323 2137 1449 2221 Κνρίαι

332 2236 426 2315 δόξαν
447 2238 661 2325 inscripserat
682 2237 725 2303 cf.
748 2238 847 2323 Diog.
870 2239 910 2303 L.
925 2239 960 2302 X
982 2239 1037 2324 27)
1060 2235 1115 2304 καὶ
1137 2230 1195 2314 τάς
1216 2237 1450 2322 θρησκευομέ-

332 2362 393 2414 νας
414 2330 474 2404 ὑπ’
498 2331 611 2404 αὐτῶν
624 2333 778 2434 εἰκάδας.
822 2340 977 2406 Fortasse
1000 2341 1097 2405 etiam
1120 2337 1308 2424 Διογένους
1329 2339 1450 2420 πράσις

333 2441 445 2526 (Diog.
468 2440 634 2511 L>V129
656 2441 715 2509 ubi
737 2442 867 2508 codices
890 2441 1048 2516 nonnulli,
1059 2443 1277 2530 Hermippum
1298 2464 1359 2530 pro
1381 2442 1449 2506 Me-

332 2545 431 2632 nippo
453 2543 665 2632 praebent).¹)
695 2544 895 2630 Fragmenta
910 2553 1018 2610 autem
1033 2554 1166 2610 seruata
1186 2555 1263 2610 sunt
1285 2566 1450 2632 perpauca

402 2783 428 2849 l)
445 2784 604 2836 Meinekius
622 2785 651 2834 in
662 2781 799 2836 Vindiciis
812 2783 1007 2836 Strabonianis
1020 2803 1047 2851 p.
1060 2787 1110 2837 234
1123 2791 1163 2849 sq.
1183 2785 1285 2836 Suidae
1297 2785 1451 2837 Eudociae-

333 2885 386 2935 que
405 2870 491 2920 uerba
511 2863 688 2928 ‘Misimus'
707 2860 844 2934 κωμικός·
868 2867 924 2921 τῶν
942 2860 1096 2936 δραμάτων
1114 2860 1203 2922 αὐτοῦ
1218 2862 1281 2947 ἐστι
1298 2865 1451 2933 Κέρκωπες

333 2953 397 3020 (καὶ
409 2945 511 3020 Ὀφεις
529 2953 606 3004 addit
623 2952 760 3019 Eudocia)
779 2949 829 3004 καὶ
847 2943 935 3006 άλλα’
955 2955 989 3006 ad
1009 2956 1134 3020 cynicum
1153 2959 1276 3006 nostrum
1289 2953 1450 3019 referenda,

278 3064 282 3072 ·
333 3042 362 3090 in
386 3039 503 3090 Comicis
527 3042 619 3090 autem
640 3040 755 3090 Graecis
777 3039 832 3090 uol.
852 3041 876 3089 V
894 3056 919 3104 p.
940 3042 972 3090 12
991 3033 1155 3098 ‘Misenates
1179 3030 1340 3098 ὁκννικός’
1359 3053 1450 3089 emen·

333 3125 452 3175 dandum
471 3127 560 3189 putat.
597 3122 716 3174 Causam
738 3139 804 3175 uero
824 3139 878 3188 qua
901 3125 973 3174 haec
996 3125 1137 3174 sententia
1161 3123 1365 3176 commendetur
1389 3138 1450 3172 cum

333 3210 437 3260 nullam
456 3208 574 3272 uideam,
595 3213 690 3274 aperte
709 3209 795 3260 etiam
812 3209 953 3259 refutatur
974 3225 1029 3260 non
1052 3209 1160 3272 quidem
1180 3207 1366 3274 praecedente
1384 3207 1450 3258 lem-

333 3299 407 3345 mate
427 3288 594 3367 *Μένιππος
610 3284 625 3344 ὁ
644 3285 774 3352 κυνικός·
794 3285 871 3345 ἔστιν
889 3289 920 3345 ἒν
939 3291 977 3357 τῷ
995 3288 1095 3352 Φαιός’
1115 3294 1216 3360 quippe
1230 3292 1302 3358 quod
1319 3293 1365 3343 uel
1377 3292 1451 3343 falso

332 3380 502 3430 inculcatum
515 3394 575 3430 esse
588 3378 635 3430 uel
648 3377 683 3428 ad
702 3377 804 3429 Suidae
823 3379 990 3445 imperitiam
1008 3379 1061 3429 duo
1073 3379 1197 3430 homines
1211 3395 1246 3428 ex
1258 3394 1313 3429 uno
1326 3377 1450 3428 efficien-

333 3470 388 3516 tem
411 3464 510 3515 relerri
534 3465 635 3528 possit,
659 3463 707 3514 sed
730 3464 809 3526 (licet
831 3464 989 3515 Meinekius
1012 3465 1056 3512 ‘in
1080 3480 1113 3514 eo
1135 3479 1189 3514 non
1212 3479 1273 3514 esse
1297 3462 1369 3526 quod
1388 3465 1451 3527 quis

333 3551 464 3600 haereat'
483 3547 612 3610 affirmet)
633 3563 666 3598 ea
685 3564 714 3599 re
733 3549 805 3613 quod
817 3540 951 3614 δράματα
963 3548 1040 3599 illius
1054 3564 1138 3614 opera
1151 3552 1354 3613 nuncupantur,
1368 3562 1450 3611 quam

333 3635 459 3700 profecto
478 3631 696 3698 appellationem
713 3634 774 3699 ipse
799 3632 898 3683 Suidas
917 3650 972 3684 non
995 3635 1086 3699 potuit
1103 3633 1214 3700 fingere.
1252 3634 1340 3695 Quam
1359 3635 1452 3682 autem

334 3718 406 3768 idem
428 3717 584 3768 Meinekius
606 3721 706 3782 poetae
730 3719 820 3784 ignoti
843 3718 1012 3769 comoediam
1036 3717 1105 3778 Δίες
1127 3719 1291 3784 inscriptam
1314 3733 1347 3767 ex
1371 3716 1452 3766 Aelio

333 3803 468 3867 Dionysio
487 3800 559 3866 apud
577 3802 755 3852 Eustathium
774 3801 809 3851 ad
827 3803 907 3853 Hom.
926 3819 952 3869 p.
968 3804 1042 3866 1384,
1061 3805 1094 3852 46
1111 3802 1242 3866 Menippo
1262 3803 1370 3864 tribuit,
1389 3817 1451 3852 eam

334 3904 369 3939 ne
389 3887 493 3941 comico
512 3885 622 3950 quidem
645 3885 776 3951 Menippo
794 3891 825 3935 ut
847 3886 977 3938 donemus
999 3887 1148 3951 quicquam
1167 3884 1277 3949 suadet,
1300 3890 1331 3936 ut
1352 3885 1386 3936 de
1406 3901 1452 3950 cy·

333 3974 396 4024 nico
419 3971 466 4022 uel
488 3970 631 4022 leuissima
654 3971 771 4036 suspitio
794 3970 918 4021 funditus
946 3970 1071 4023 tollenda
1093 3972 1138 4022 sit.
1183 3969 1238 4021 Sed
1262 3973 1452 4036 cuiuscunque

335 4062 407 4117 erat,
430 4057 558 4112 Varroni,
572 4060 666 4106 tamen
689 4055 805 4106 Graecis
828 4056 873 4107 illi
894 4057 984 4107 literis
1006 4054 1221 4120 profundissime
1247 4056 1365 4120 imbuto,
1390 4071 1452 4105 cum

333 4146 474 4193 trecentos
492 4142 575 4192 Ioues
592 4141 676 4204 (siue
699 4141 856 4206 Iuppiteres
879 4140 1035 4191 dicendnm'
1053 4144 1084 4189 ut
1106 4139 1297 4190 Tertullianus
1319 4138 1452 4190 irridendi

336 4241 422 4276 causa
446 4225 523 4276 addit
547 4225 728 4278 adnationes
750 4226 823 4276 110.
848 4225 959 4290 apolog.
979 4224 1027 4289 14)
1051 4225 1111 4274 εἰπε
1136 4224 1275 4290 capitibus
1298 4223 1451 4288 induceret,

335 4311 407 4361 hanc
419 4308 496 4362 Δαῶν
515 4311 686 4362 comoediam
704 4311 738 4362 cb
758 4314 877 4360 mentem
895 4310 991 4372 fuisse,
1009 4312 1042 4358 ut
1059 4309 1229 4376 argumentis
1246 4308 1391 4372 destituta,
1410 4308 1452 4358 ita

335 4409 384 4461 per
402 4409 431 4446 se
450 4397 479 4444 et
496 4395 704 4461 speciosissima
722 4400 751 4447 et
767 4393 850 4446 ualde
868 4392 1023 4461 probabilis
1041 4394 1096 4446 uiri
1113 4393 1268 4444 doctissimi
1285 4393 1379 4460 opinio
1399 4395 1451 4446 est.
