3280 5306
660 417 863 480 loclsronlcl

674 582 858 650 TVBERO

542 701 601 767 De
624 703 783 789 origine
805 702 982 768 hurnana.

288 902 423 970 Caelum
445 913 483 970 ut
505 914 606 989 testa,
629 907 707 971 item
729 915 766 972 ut
780 906 929 973 uitellum
950 917 1054 992 terra,
1076 909 1162 975 inter
1184 909 1240 975 illa
1256 910 1319 977 duo

203 1003 298 1089 quasi
320 1001 418 1090 ianuis
439 1006 585 1073 inclusus
610 1016 681 1088 abr,
706 1008 740 1073 in
762 1031 826 1096 quo
850 1009 948 1076 calor.

745 1161 780 1227 II

285 1262 414 1329 Probus
437 1263 472 1328 in
494 1263 595 1350 Verg.
613 1261 671 1330 ecl.
696 1272 725 1348 6,
750 1271 786 1336 31
814 1287 846 1351 p.
871 1274 909 1338 19
932 1263 975 1330 Κ.
1000 1265 1057 1330 ‘In
1080 1266 1194 1332 eodem
1218 1269 1318 1338 etiam

200 1359 284 1428 libro
297 1363 413 1532 ⁸{clamo
436 1366 674 1454 interpretatur
702 1364 850 1433 uitellum
878 1366 1094 1455 appellatum,
1123 1370 1201 1456 quia
1222 1391 1317 1457 gene·

200 1473 250 1529 ret
271 1474 321 1530 urt
354 1489 397 1532 1a.

283 1686 482 1755 Censorinus
503 1710 531 1755 c.
555 1699 574 1762 9
597 1673 682 1756 “Hac
704 1686 947 1776 Chaldaeorum
969 1691 1131 1756 sententia
1153 1690 1317 1779 explicata

198 1797 329 1856 transeo
357 1792 400 1856 ad
423 1791 610 1878 opinionem
637 1789 893 1878 Pythagorieam
915 1788 1059 1858 Varroni
1086 1787 1259 1860 tractatam
1282 1793 1314 1858 in

198 1889 298 1974 libro,
327 1893 382 1980 qui
404 1903 540 1959 uocetur
563 1893 695 1959 Tubero
719 1903 752 1960 et
773 1893 860 1958 intus
884 1892 1104 1959 subscribitur
1126 1895 1166 1960 de
1189 1895 1315 1980 origine

197 1991 340 2058 humana
459 1992 527 2058 Alii
555 1995 641 2058 enim
669 1994 831 2081 plerique,
867 2015 940 2058 cum
968 2015 1078 2060 omnes
1106 2005 1220 2081 partus
1248 2017 1314 2063 uon

197 2117 262 2159 uno
286 2105 430 2182 tempore
458 2095 539 2162 fiant
565 2097 702 2178 maturi,
730 2117 796 2159 una
822 2104 931 2158 temen
960 2094 1139 2183 eademque
1166 2106 1314 2185 tempora

197 2195 347 2262 omuibus
371 2194 614 2261 conformandis
638 2196 813 2277 dederunt,
837 2204 874 2259 ut
887 2194 1053 2280 Diogenes
1077 2196 1312 2283 Apolloniates,

197 2297 253 2383 qui
275 2297 428 2363 masculis
452 2319 570 2385 corpus
599 2299 646 2363 ait
673 2305 827 2385 quattuor
854 2297 1020 2362 mensibus
1050 2297 1184 2362 formari
1213 2307 1246 2365 et
1268 2298 1312 2363 fe-

195 2399 292 2464 minis
316 2400 475 2488 quinque,
499 2399 553 2465 uel
575 2401 723 2487 Hippon,
753 2400 808 2487 qui
831 2398 946 2464 diebus
968 2397 1033 2464 LX
1053 2397 1214 2464 infantem
1236 2401 1312 2465 scri·
1389 2427 1399 2436 ¹·

194 2500 245 2566 bit
267 2500 402 2567 formari
423 2511 458 2567 et
479 2512 595 2589 quarto
617 2523 727 2566 mense
750 2521 879 2566 carnem
895 2499 966 2564 fieri
981 2511 1175 2584 concretam,
1199 2503 1312 2589 quinto

194 2624 320 2688 ungues
344 2603 562 2691 capillumque
584 2603 693 2686 nasci,
717 2602 856 2690 septimo
879 2601 945 2666 iam
966 2601 1130 2668 hominem
1153 2625 1225 2670 esse
1240 2623 1311 2690 per-

193 2701 330 2770 lectum:
355 2704 560 2792 Pythagoras
584 2715 694 2772 autem
715 2704 803 2792 quod
825 2714 896 2770 erat
911 2703 1099 2770 credibilius
1116 2702 1215 2787 dixit,
1238 2724 1310 2791 par-

194 2815 247 2872 tus
270 2828 343 2872 esse
364 2829 487 2892 genera
509 2803 749 2890 du0,'altcrum
765 2815 890 2893 septem
913 2827 1070 2890 mensum,
1094 2805 1232 2871 alterum
1256 2806 1310 2872 de·
1413 2823 1415 2827 ’

193 2929 279 2992 cem,
308 2908 367 2974 sed
396 2909 537 2996 priorem
566 2907 640 2975 aliis
666 2909 798 2975 'dierum
825 2908 969 2974 numeris
993 2907 1206 2991 conformari,
1236 2907 1309 2974 aliis

192 3013 418 3096 posteriorem.
449 3013 516 3078 Eos
538 3034 617 3078 uero
646 3033 815 3096 numeros,
845 3010 902 3098 qui
929 3009 963 3074 in
988 3031 1185 3098 unoquoque
1212 3020 1309 3098 partu

192 3110 316 3198 aliquid
338 3114 493 3180 adferunt
515 3113 721 3197 mutationis,
745 3113 822 3178 dum
847 3122 904 3178 aut
927 3134 1038 3179 semen
1059 3111 1094 3176 in
1117 3112 1309 3199 sanguinem

192 3221 250 3278 aut
272 3215 404 3299 sanguis
433 3215 468 3280 in
496 3237 626 3281 carnem
648 3225 706 3281 aut
735 3237 810 3281 caro
836 3214 871 3278 in
898 3213 1037 3280 hominis
1067 3213 1206 3298 figuram
1235 3236 1308 3279 con-

191 3313 348 3397 uertitur,
377 3316 463 3379 inter
485 3338 519 3381 se
542 3314 687 3382 conlatos
710 3316 868 3380 rationem
891 3315 1012 3381 habere
1040 3335 1111 3378 eam
1133 3335 1230 3401 quam
1253 3337 1307 3378 uo·
1385 3391 1388 3400 Ι

190 3435 244 3480 ces
266 3413 389 3483 habent
410 3438 493 3504 quae
516 3418 550 3481 in
572 3416 694 3486 musice
717 3409 897 3500 σύμφωνοι
919 3422 1104 3482 uocantur.’

617 3656 674 3721 De
696 3654 876 3722 moribus
894 3675 901 3688 ·‘

274 3753 464 3826 Macrobius
493 3758 576 3824 San.
599 3756 653 3822 111
676 3766 712 3840 8,
737 3767 756 3828 9
785 3755 913 3823 ‘Varro
943 3757 984 3821 de
1012 3755 1156 3823 moribus
1182 3778 1305 3822 morem

190 3855 271 3924 dicit
294 3881 365 3925 esse
387 3860 421 3924 in
443 3857 563 3924 iudicio
586 3857 698 3942 animi,
721 3880 818 3947 quem
834 3857 926 3947 sequi
943 3858 1062 3925 debeat
1077 3857 1304 3925 consuetudo.’

256 4015 404 4068 TVBERO
433 4015 477 4068 ef.
495 4014 660 4081 Aborigines
683 4019 778 4066 satura
798 4004 1053 4080 [assiduissimus
1076 4005 1208 4080 serron.
1236 4011 1304 4064 wil-

189 4097 286 4134 menns
304 4083 338 4134 de
356 4085 435 4136 Verr.
454 4083 515 4136 libr.
535 4097 648 4150 gramm.
668 4099 694 4150 p.
706 4084 739 4136 36
759 4081 940 4148 etymologias
957 4082 1091 4136 Varronis
1110 4095 1154 4148 ap.
1173 4079 1304 4131 Lectent.

189 4148 222 4200 de
246 4149 356 4218 opificio
380 4152 425 4205 dei
449 4151 483 4203 sd
511 4152 633 4218 corporis
656 4155 749 4218 partes
772 4149 944 4217 pertinentes
967 4149 1020 4200 huc
1043 4149 1137 4201 refert.
1208 4148 1304 4200 IPro·

189 4216 239 4267 bus
258 4218 286 4270 iu
304 4218 387 4286 Verg.
408 4219 458 4271 ecl.
478 4221 502 4282 6,
525 4223 556 4272 31
575 4235 601 4286 p.
622 4219 698 4272 1th.
728 4218 831 4269 ‘Varro
854 4217 954 4269 mundo
978 4231 1059 4269 ouum
1082 4231 1140 4269 corn
1163 4215 1252 4268 arcuit
1275 4217 1304 4266 in

189 4282 349 4350 logistorico
367 4288 413 4354 qui
436 4288 595 4340 inscribitur
612 4282 722 4339 Tubero
744 4285 778 4337 de
796 4285 903 4352 origine
922 4285 1055 4349 humens,
1075 4285 1115 4336 sic
1152 4283 1231 4334 icens
1245 4321 1250 4333 .
1265 4323 1271 4338 .
1286 4289 1303 4338 .’

189 4351 343 4404 citellum
362 4359 399 4405 ut
417 4354 494 4407 codd.
512 4355 627 4411 humor
645 4356 745 4422 quasi
763 4353 850 4416 codd„
869 4353 983 4406 humor
1002 4358 1044 4406 est
1062 4351 1211 4420 glossema.

241 4433 329 4486 utere,
347 4433 449 4480 Varronis
464 4435 556 4480 suu-ns.
1061 4445 1100 4506 17
