3274 5296
345 449 388 512 44
820 451 947 506 GAPVT
975 450 985 503 1

347 624 503 703 exparte
526 613 708 680 certissimo
731 613 858 696 ordine)
890 613 1009 679 saturis
1033 611 1233 697 Marcipore,
1263 609 1459 691 Andabatis,

346 718 530 806 Mysteriis,
555 717 745 800 Agathone,
770 711 1056 800 Quinquatrubus,
1081 712 1362 798 Endymionibus,
1385 712 1460 775 Vir·

346 819 424 905 gula
439 818 562 900 diuina,
586 811 938 902 Γεροντοδιδασκάλῳ,
961 816 1176 896 Parmenone,
1197 812 1355 878 Hercules
1371 822 1462 878 tuam

344 922 454 1002 fidem,
477 918 664 1004 Meleagria,
693 921 789 1004 Ταφῇ
806 920 1001 999 Μενίππου,
1025 915 1249 1003 Sesqueulixe,
1273 915 1460 1001 Sexagessi,

321 1025 460 1087 iunior
483 1019 645 1101 σεαυτόν,
668 1021 906 1085 Eumenidibus
931 1032 964 1085 et
986 1020 1130 1084 incertae
1153 1017 1241 1084 sedis
1262 1018 1351 1102 Lege
1373 1017 1461 1082 Mae-

343 1126 413 1203 nia,
446 1123 550 1187 altera
577 1143 656 1186 uero
684 1123 852 1202 Bimarco,
875 1121 1017 1186 Hercule
1041 1121 1225 1202 Socratico,
1246 1119 1370 1202 Manio,
1392 1119 1461 1184 Mo-

345 1227 416 1308 dio,
441 1217 542 1298 ''Ovog
571 1222 685 1306 λύρας.
732 1225 878 1288 Tertiam
907 1233 1016 1287 autem
1043 1224 1161 1287 seriem
1188 1221 1352 1287 nonnullis
1380 1219 1462 1287 locis

346 1326 617 1413 deprehendimus
632 1335 818 1390 saturarum
832 1325 918 1389 binis
934 1325 1204 1410 inscriptionibus
1219 1323 1460 1408 insignitarum,

345 1451 484 1516 quarum
504 1427 662 1492 memoria
685 1447 759 1490 cum
782 1450 847 1492 non
870 1436 936 1490 tam
959 1426 1112 1512 frequens
1136 1428 1189 1508 sit,
1211 1425 1273 1489 hoc
1292 1447 1392 1488 unum
1415 1426 1462 1488 af-

344 1531 467 1595 firmari
483 1538 601 1614 potest,
618 1527 829 1611 Flaxtabula,
846 1527 1018 1609 Deuictos,
1043 1526 1254 1612 Aborigines,
1269 1527 1331 1590 Est
1347 1527 1460 1591 modus

345 1631 487 1697 matulae
510 1631 572 1694 hoc
594 1652 665 1693 sese
682 1630 796 1734 ordine
812 1629 846 1692 in
861 1629 959 1693 Nonii
982 1630 1073 1694 fonte
1097 1629 1276 1714 excepisse.
1321 1628 1372 1692 Of.
1397 1628 1462 1692 dis·

344 1733 548 1820 putationem
575 1753 678 1795 meam
708 1753 807 1817 supra
829 1739 1042 1795 memoratam
1065 1739 1097 1795 et
1118 1731 1292 1817 praecipue
1315 1727 1461 1795 tabulam

345 1834 509 1915 additam,
554 1855 618 1918 qua
652 1831 750 1898 Nonii
787 1832 1056 1918 compositionem
1091 1830 1258 1896 illustrare
1294 1831 1461 1917 temptaui.

345 1935 471 2000 Nonius
506 1934 608 2018 igitur
641 1933 787 1999 fontibus
825 1955 903 1997 usus
934 1943 984 1998 est
1010 1934 1131 2019 partim
1160 1936 1216 2019 qui
1243 1941 1370 1996 saturas
1398 1954 1461 1997 uno

345 2038 476 2103 nomine
505 2035 675 2116 afferrent,
704 2035 825 2120 partim
848 2036 905 2121 qui
928 2035 1066 2100 duobus.
1111 2034 1176 2100 Sed
1198 2035 1288 2100 hanc
1305 2035 1463 2119 posterio-

346 2162 414 2204 rem
441 2147 569 2224 partem
597 2135 710 2201 titulos
740 2138 782 2202 ab
809 2137 881 2222 ipso
904 2137 1054 2201 Varrone
1084 2135 1206 2202 alienos
1233 2136 1369 2201 laudare
1391 2135 1463 2200 luce

346 2241 383 2304 fit
406 2237 526 2304 clarius
556 2238 743 2303 testimonio
768 2237 882 2317 Gellii,
912 2239 1081 2324 scriptoris
1110 2239 1145 2301 in
1173 2236 1278 2303 titulis
1307 2236 1464 2303 librorum

346 2364 427 2428 quos
461 2341 531 2428 ipse
561 2341 708 2426 inspexit
741 2339 968 2404 describendis
1003 2341 1152 2427 inprimis
1188 2340 1247 2403 fidi
1279 2349 1312 2403 et
1344 2338 1464 2423 integri

348 2445 455 2530 (cuius
479 2442 578 2507 fidem
599 2441 785 2527 nuperrime
801 2441 1005 2506 Mercklinus
1029 2442 1093 2506 ‘die
1117 2439 1372 2520 Citiermethode
1394 2461 1463 2526 sqq.

347 2544 403 2608 des
428 2547 469 2609 A.
494 2543 633 2609 Gellius’
658 2567 690 2630 p.
714 2552 773 2614 681
799 2567 847 2630 sq.
871 2542 1022 2608 laudibus
1046 2545 1194 2631 exuriit),
1225 2545 1281 2629 qui
1303 2543 1388 2606 inter
1411 2542 1463 2607 de-

348 2669 417 2710 cem
440 2669 520 2731 quas
543 2645 670 2730 profert
692 2655 823 2708 saturas
848 2645 971 2709 nullam
994 2647 1131 2710 duarum
1158 2645 1259 2712 habet
1280 2644 1463 2732 inscriptio·

346 2769 441 2827 num,
480 2746 528 2811 ita
558 2754 596 2809 ut
623 2768 728 2831 neque
756 2749 946 2832 Σκιαμαχίᾳ
974 2747 1112 2812 alterum
1138 2745 1221 2811 illud
1249 2743 1325 2829 περὶ
1352 2745 1464 2829 τύφου

347 2870 452 2934 neque
474 2886 517 2898 ν-
539 2847 627 2933 quod
651 2849 769 2911 summi
797 2851 953 2914 momenti
976 2841 1025 2914 est
1047 2889 1090 2897 —
1111 2849 1324 2914 Testamento
1354 2851 1465 2934 (quam

347 2961 494 3014 saturam
506 2949 574 3014 suis
592 2971 626 3013 se
643 2948 746 3015 oculis
770 2957 885 3014 ‘bodie’
908 2951 1093 3037 inspexisse
1116 2950 1392 3032 testatur11116‚
1411 2952 1463 3038 13)

346 3051 535 3115 Nonianum
559 3048 633 3133 aspi
657 3050 831 3134 διαθηκῶν
853 3051 1031 3117 addiderit.
1075 3053 1114 3116 In
1136 3050 1231 3116 huius
1253 3053 1354 3137 igitur
1377 3054 1464 3116 testi·

237 3177 244 3188 ⁸
350 3154 459 3218 monio
493 3164 618 3217 stamus
653 3153 838 3240 alterasque
869 3153 928 3218 has
962 3154 1192 3240 inscriptiones
1237 3155 1335 3241 (quae
1368 3154 1465 3217 etiam

347 3255 540 3342 plerumque
562 3255 659 3318 nimis
683 3255 767 3320 serie
790 3264 822 3320 et
850 3257 920 3320 fere
941 3257 1105 3342 morose¹)
1138 3257 1189 3319 his
1217 3256 1309 3322 libris
1338 3256 1465 3320 festiui·

346 3366 412 3421 tate
436 3356 567 3421 refertis
590 3357 738 3422 adiectae
760 3357 883 3442 forent)
907 3379 927 3420 a
945 3360 1159 3442 grammatico
1180 3358 1323 3445 quodam
1336 3356 1464 3435 ,illustri

347 3459 394 3522 eis
423 3458 559 3541 saturis,
583 3452 676 3545 quas¹
693 3459 777 3525 forte
806 3460 951 3524 nancisci
973 3470 1117 3546 poterat,
1152 3459 1339 3547 explicandi
1367 3479 1467 3522 causa

348 3560 532 3647 adscriptas
555 3562 728 3626 credimus.
780 3562 934 3648 Quinque
964 3561 1096 3650 quidem
1124 3564 1243 3626 saturis
1274 3560 1352 3647 (nisi
1380 3559 1465 3625 forte

346 3661 403 3725 illa
424 3661 524 3724 trium
546 3660 704 3728 librorum
727 3660 802 3741 περὶ
824 3661 1044 3748 χαρακτήρων
1073 3663 1264 3754 assharisio
1288 3671 1467 3727 memorata

349 3762 484 3828 alteram
507 3762 622 3826 habuit
643 3763 889 3849 inscriptionem
904 3765 1154 3852 praecedentem
1170 3789 1189 3830 a
1205 3763 1354 3830 Charisio
1370 3763 1466 3828 omis-

348 3887 434 3946 sam,
470 3873 508 3928 ut
538 3884 571 3926 a.
595 3887 667 3946 χαρ.
692 3868 904 3948 grammatico
935 3867 1110 3950 debeatur,
1145 3889 1241 3954 quern
1270 3877 1346 3931 ante
1369 3867 1467 3930 finem

349 3969 416 4031 iam
439 3964 562 4030 saeculi
583 3988 615 4051 p.
640 3965 699 4030 Oh.
724 3967 859 4032 secundi
887 3979 966 4034 tunc
995 3969 1207 4035 statuendum
1237 3971 1299 4033 erit
1326 3969 1465 4050 uixisse)

347 4065 540 4154 ipse'Varro
556 4067 668 4133 titulos
694 4065 768 4152 aspi
790 4092 871 4135 uoce
894 4071 1088 4158 incipientes
1107 4109 1141 4118 -
1160 4071 1210 4135 his
1228 4079 1338 4136 autem
1361 4069 1466 4135 nullos

434 4309 463 4371 1)
481 4310 631 4358 Monstrum
648 4325 738 4374 paene
752 4312 941 4377 inscriptionis
954 4312 1006 4362 hoo
1019 4313 1107 4377 ipsum
1119 4313 1327 4364 Testamentum
1340 4311 1467 4376 praebet,

349 4391 373 4440 si
392 4392 417 4440 ei
437 4393 545 4441 additur
564 4391 628 4458 περὶ
648 4393 811 4459 διαθηκῶν.
