3326 5304
664 465 728 524 sex
750 465 874 523 sinsus
1270 453 1329 524 153

212 630 300 696 rides
329 629 455 696 dabunt
487 631 646 695 sordres'.
700 627 826 693 Idcirco
853 649 957 713 genus
990 626 1052 694 hoc
1084 627 1330 695 Phalaeciorum

212 732 273 798 Vir
294 730 502 797 doctissimus
525 731 741 816 undecunque
755 731 862 796 Verro
886 729 940 795 Ad
961 727 1066 815 legem
1081 728 1234 815 redigens
1249 731 1328 796 ioni-

213 843 325 900 corum
347 833 436 898 Hinc
451 841 547 898 notos
563 832 611 897 ait
626 853 708 914 esse,
726 832 783 897 sed
799 831 964 898 minores?
995 831 1087 896 Idem
1110 855 1141 896 u.
1159 839 1242 904 2882
1258 855 1328 921 sqq.

212 933 299 1000 ‘Noc
321 935 438 999 mirum
459 943 557 1020 puio,
580 933 711 1020 quando
733 932 841 1000 Varro
863 955 979 999 uersus
1002 933 1091 1016 Hos,
1114 942 1152 999 ul
1173 933 1328 1017 diximus,

212 1059 254 1102 ex
273 1035 353 1102 Ione
376 1045 471 1102 nutos
494 1035 687 1120 Distinguai
707 1056 841 1102 numero
864 1035 984 1122 pedum
1004 1034 1171 1102 minores?
1347 1041 1365 1102 5

620 1245 921 1317 ΚΥΝΟΡΡΗΤΩΡ

298 1357 445 1424 Celerius
468 1367 572 1423 meter
595 1358 722 1424 amixii.

621 1560 716 1626 nux
737 1560 919 1628 unsrun

726 1679 744 1745 Ι
768 1681 814 1768 (6)

297 1778 420 1846 Contra
443 1781 496 1847 lex
511 1781 642 1845 Maenio
663 1791 715 1846 esi
736 1781 770 1845 in
791 1780 923 1867 pietate,
946 1802 988 1844 ne
1010 1779 1069 1846 filii
1092 1780 1241 1866 putribus
1264 1780 1329 1844 luci

212 1880 299 1946 claro
322 1881 499 1968 suggillent
521 1882 644 1950 oculos

716 2035 751 2101 II

297 2134 332 2201 Si
354 2135 410 2222 qui
432 2136 584 2223 putrium,
608 2134 762 2201 maiorem
774 2031 960 2221 (dissutum,
979 2135 1154 2219 extinguit,
1171 2136 1205 2199 in
1225 2157 1263 2202 eo
1280 2148 1330 2202 est

212 2235 323 2324 culpu3
352 2237 440 2324 quod
466 2236 548 2302 iacit
579 2259 638 2324 pro
667 2259 727 2302 sus
753 2244 846 2323 purte
873 2238 918 2319 is,
941 2236 997 2322 qui
1024 2258 1060 2300 so
1082 2236 1246 2302 eunuchut
1273 2239 1380 2304 aut10

212 2337 333 2426 alioqui
355 2337 476 2406 liberos
501 2339 594 2422 [non]
618 2337 780 2426 producit.

279 2543 540 2598 ΚΤΝΟΡΡΗΤΩΡ.
577 2543 621 2595 ef.
642 2543 703 2596 adn.
723 2543 758 2596 cd
777 2543 946 2609 Kouu'ovoqu.
998 2543 1013 2593 1
1029 2542 1177 2594 Diomede
1190 2560 1215 2610 p.
1229 2545 1330 2604 86716

213 2613 359 2663 ‘Amicio
384 2613 486 2663 emicui
509 2615 540 2662 ui
563 2613 665 2663 Brutus
683 2639 714 2648 -
734 2611 788 2664 Sed
809 2614 898 2664 Varro
922 2611 1123 2674 Cynorrhetore
1146 2609 1329 2675 (cynorhc-

211 2683 283 2730 tore
302 2681 391 2734 Puris.
411 2681 486 2732 7493.
510 2680 623 2732 Monac.
648 2679 867 2732 cinorhctore
890 2679 980 2732 Paris.
1004 2680 1072 2730 7494
1096 2679 1329 2732 cinostretore

214 2748 272 2798 cod.
293 2747 416 2814 scioppii
433 2763 508 2814 susp,
526 2747 591 2798 leci.
610 2748 638 2798 II
657 2747 704 2812 6).
720 2781 726 2796 .
742 2752 760 2798 .’
865 2761 870 2772 ’

279 2850 354 2900 LEX
371 2847 521 2900 MAENIA.
557 2849 616 2900 Lex
634 2849 696 2913 ipss
714 2850 811 2913 igneis
830 2853 886 2911 est3
907 2848 955 2899 sed
972 2848 1063 2912 qualis
1082 2848 1175 2911 fuerit,
1194 2849 1250 2900 iem
1262 2849 1330 2899 Tur-

213 2916 299 2968 nebus
323 2917 463 2968 intellexit
486 2918 576 2967 XXlX
595 2920 626 2984 21
646 2933 707 2968 oum
725 2917 775 2967 ‘de
799 2918 857 2967 iure
880 2917 990 2982 petrice
1014 2917 1161 2981 potestulis
1184 2917 1263 2968 etde
1282 2932 1331 2982 ps·

212 2990 318 3036 rentum
338 2986 507 3036 auctoritate
524 2986 552 3034 in
571 2986 689 3036 liberos’
709 2991 831 3036 suturam
845 2985 931 3034 fuisse
944 2985 1032 3046 dican
1052 2983 1136 3034 telem
1150 2985 1222 3034 enim
1235 2984 1330 3040 fuisse,

212 3066 375 3117 quemquem
398 3053 491 3103 uerbis
515 3053 628 3111 iocosis,
653 3054 691 3119 fg.
712 3054 725 3103 1
743 3051 872 3106 ostendit.
908 3051 983 3103 Idem
1006 3051 1075 3102 dicit
1098 3051 1284 3102 Buechelcrus
1304 3068 1329 3118 p.

211 3121 259 3170 441
280 3124 308 3170 et
326 3120 372 3185 qui
389 3117 453 3183 περὶ
473 3113 619 3188 εὐσεβείας
637 3127 759 3171 saturum
778 3120 868 3186 egisse
887 3119 964 3183 dicit,
983 3119 1125 3170 Vahlenus
1142 3121 1200 3172 211.
1231 3119 1330 3170 Ochle-

212 3201 258 3237 rus
277 3191 368 3238 sutem
387 3191 516 3253 nugetur.
551 3189 680 3254 Inprimis
704 3188 737 3239 de
761 3188 880 3253 pecunie
903 3186 999 3238 liboris
1022 3185 1115 3236 dende
1138 3188 1183 3237 uel
1201 3186 1331 3252 neganda

212 3252 302 3318 legem
326 3253 413 3304 fuisse
437 3255 555 3307 conicio.
591 3255 671 3306 Actio
695 3269 871 3318 conexusque
895 3255 964 3304 sutis
988 3254 1100 3305 obscuri
1122 3258 1195 3303 sunu
1247 3254 1330 3303 lNo·

212 3320 275 3369 nius
294 3320 350 3377 171,
371 3322 401 3369 11
421 3319 651 3385 ‘Suggillure,
671 3322 836 3376 obcludere:
871 3323 960 3373 Varro
978 3323 1056 3386 Lege
1074 3322 1187 3370 Maeuio
1207 3320 1331 3383 (Gemi-

212 3387 268 3437 nie
289 3387 309 3436 la
328 3385 470 3438 Gemina
488 3388 531 3450 W,
552 3388 630 3439 codd.
649 3389 776 3453 Mercuri,
795 3387 951 3452 cod.1unii)
966 3425 993 3440 ,.
1010 3391 1027 3436 .’
1081 3389 1108 3437 ll
1125 3388 1230 3438 Nonius
1244 3387 1300 3449 106,
1316 3389 1331 3437 5

212 3454 434 3505 ‘Eunucharc
452 3456 539 3506 Vurro
558 3456 634 3522 Lege
657 3456 772 3506 Moenia
790 3453 883 3522 (lege
902 3455 1035 3506 moenis
1057 3455 1085 3504 H
1102 3469 1136 3504 m.
1155 3471 1196 3520 pr.
1215 3455 1253 3518 Β)
1269 3489 1274 3501 .
1290 3493 1297 3507 .
1311 3458 1329 3504 .’

213 3697 285 3752 lsm'
300 3688 314 3776 ΙΙ
371 3699 388 3751 6
410 3689 559 3752 ιιιειεῐιιιῑιίι
578 3693 762 3752 Monacensis
791 3696 903 3754 sceleris
923 3695 1054 3771 magister
1072 3697 1164 3754 amisit
1183 3696 1247 3752 edd.
1265 3703 1331 3752 unle

211 3773 363 3861 Keilrumll
420 3785 436 3834 7
463 3788 506 3838 est
532 3780 559 3836 iu
585 3780 628 3837 (lie
653 3777 707 3838 lule
733 3781 843 3852 Popmu
898 3781 935 3838 fili
959 3773 1058 3860 ΝΗ
1115 3781 1331 3855 lisuggilenlz

212 3866 365 3940 suggillant
386 3867 424 3920 W
436 3883 472 3922 m.
485 3883 534 3937 pr.
557 3864 680 3938 sigillent
699 3866 849 3923 Turnebus
926 3868 942 3920 9
964 3867 988 3923 si
1004 3869 1051 3940 qui
1067 3874 1173 3941 putrem
1189 3867 1331 3940 lpclrism

212 3941 467 4030 BllcxllngilLH
523 3952 556 4003 10
579 3955 677 4008 enucsl
697 3950 721 4005 L
741 3968 776 4006 m.
795 3942 865 4030 pn}
931 3953 963 4004 11
986 3951 1088 4026 alioqui
1110 3949 1281 4007 Ribbeclu'us
1295 3968 1329 4023 p.

213 4037 261 4089 103
283 4035 373 4111 aliqua
389 4035 422 4091 Η
431 4052 467 4091 m.
481 4053 528 4108 pr.
545 4035 568 4091 L
590 4034 674 4109 aliqui
697 4033 728 4090 H
740 4053 776 4091 m.
799 4050 854 4091 see.
879 4035 917 4090 W
934 4035 1037 4109 aliquid
1052 4039 1079 4093 Β
1105 4035 1168 4091 tulis
1184 4036 1231 4110 qui
1254 4035 1330 4091 Vuls-

211 4119 293 4175 lenus
302 4137 335 4194 p.
352 4122 386 4175 83
413 4120 477 4177 alibi
501 4118 640 4177 Oelulerus
667 4120 747 4177 alicui
769 4125 836 4176 unte
851 4117 916 4176 Au.
945 4120 1016 4176 haud
1036 4120 1127 4196 aliqua
1141 4120 1253 4192 Popmu
1283 4137 1330 4176 ue·

213 4219 292 4275 quom
308 4206 355 4261 uel
385 4221 473 4278 nequo
495 4204 694 4262 Buechelerus
712 4223 742 4277 p.
760 4208 807 4258 441
844 4211 890 4260 sul
911 4220 965 4259 non
988 4203 1072 4279 aliqui
1094 4205 1245 4277 Roeperus
1257 4204 1327 4277 phil.

211 4287 277 4344 XVll
296 4292 330 4342 82
359 4289 471 4346 aliialii
497 4291 544 4364 qui
566 4290 584 4346 l.
606 4290 731 4365 perducit
753 4291 786 4345 L.
807 4287 966 4346 Muellerus
984 4305 1016 4360 p.
1032 4293 1064 4345 85
1098 4305 1152 4346 non
1174 4291 1239 4346 udd.
1261 4289 1329 4346 llil-

211 4372 326 4429 lerlo'us
341 4366 354 4454 ΙΙ
369 4371 477 4452 ‘Sepll
496 4373 599 4435 troci?
624 4374 769 4432 Vallenus
783 4383 811 4432 el
825 4371 984 4432 Muellerus
999 4364 1014 4458 [J
