3274 5296
667 459 794 516 CAPVT
824 459 834 514 Ι
1268 453 1319 552 ll,

192 624 339 710 adeoque
364 646 405 688 ex
427 623 570 713 quinque
592 620 657 685 illis
681 645 764 708 quae
787 619 918 706 collegit
941 620 1100 686 Oehlerur
1125 620 1170 707 (p.
1186 629 1226 690 29
1243 623 1306 706 sq.)

191 748 293 790 unum
316 723 509 790 demendum
532 733 591 804 est,
615 746 689 786 cum
712 722 833 788 Suidae
855 724 958 788 uerba
981 747 1005 787 s.
1021 747 1053 787 ιι.
1078 720 1197 796 Φαιόςι
1221 721 1308 786 ‘Me'-

191 845 313 900 νιππος
335 816 353 888 ὁ
377 816 516 900 κυνικὸς
537 821 591 890 ἐπὶ
613 823 776 888 τοσοῦτον
803 825 972 906 τερατείας
993 815 1134 908 ἤλασεν,
1159 814 1203 898 οἱς
1221 819 1307 906 Ἐρι-

190 921 273 1003 νύος
295 924 479 1010 ἀναλαβεῖν
501 925 619 1010 σχῆμα,
636 924 744 1008 λέγων
765 923 945 1000 ἐπίσκοπος
960 918 1103 1008 ἀφῖχθαι
1118 923 1185 989 τῶν
1200 915 1308 1008 ἁμαρ-

115 1069 119 1078 ·
190 1028 389 1112 πανομένοιν
412 1026 445 1106 ἐξ
468 1019 571 1110 ᾄδον’
597 1051 666 1114 sqq.
684 1049 703 1092 a
718 1027 867 1112 Diogene
882 1029 931 1092 VI
951 1037 1009 1097 102
1024 1027 1066 1092 ad
1082 1026 1308 1092 Menedemum

191 1132 351 1215 cynicum,
375 1153 441 1194 non
463 1129 505 1194 ad
527 1129 719 1215 Menippum
741 1129 857 1194 referri
884 1129 949 1194 iam
972 1127 1097 1193 dudum
1118 1128 1307 1215 Lecpardus

190 1233 456 1300 emendationum
488 1230 592 1296 XVII
622 1239 640 1300 3
669 1229 888 1296 adnotauerit.
946 1231 1026 1318 Ipsa
1058 1231 1242 1316 fragmenta
1274 1231 1308 1294 in

192 1333 280 1398 ealce
303 1334 400 1397 huius
423 1332 498 1398 libri
521 1331 715 1396 adicientur.

253 1435 325 1500 Iam
346 1457 425 1499 uero
448 1445 485 1499 ut
507 1433 616 1498 Probo
639 1433 900 1516 satisfaciamus,
923 1457 965 1498 an
988 1433 1188 1500 carminibus
1211 1435 1308 1499 inter-

94 1571 98 1578 ·
190 1536 313 1623 spersis
341 1534 516 1621 Menippus
544 1533 645 1599 libros
679 1557 755 1599 suos
784 1535 964 1600 uariauerit
995 1535 1215 1622 quaerendum
1247 1546 1307 1600 est.

191 1636 288 1719 Quod
311 1657 384 1700 cum
414 1645 511 1701 antea
538 1636 580 1701 ab
610 1635 759 1701 omnibus
788 1639 1013 1724 negaretur¹),
1047 1639 1172 1724 primus
1201 1638 1308 1703 Probo

189 1738 289 1804 fidem
321 1737 437 1802 habuit
467 1736 632 1802 Prellerus
667 1735 703 1822 (l.
726 1759 753 1802 e.
783 1760 815 1823 p.
839 1738 929 1826 622),
957 1762 1060 1826 'quom
1094 1747 1225 1804 secutus
1259 1748 1309 1803 est

189 1838 460 1904 Waehsmuthius
495 1839 535 1904 de
563 1839 701 1904 Timone
734 1837 879 1904 Phliasio
913 1863 945 1926 p.
982 1848 1022 1909 42
1052 1864 1099 1926 sq.
1133 1840 1187 1926 qui
1220 1841 1308 1927 apud

189 1941 397 2006 Athenaeum
419 1939 438 2003 I
458 1963 490 2026 p.
507 1948 573 2010 32e
595 1930 632 2003 ‘d
655 1937 740 2022 γοῦν
763 1933 900 2015 κυνικὸς
922 1934 1102 2017 Μένιππος
1125 1933 1310 2026 ἁλμοπότιν

189 2034 251 2126 τὴν
265 2038 414 2106 Μύνδον
435 2042 559 2124 φησιν’
581 2041 683 2106 uerba
706 2065 723 2105 c
746 2041 885 2128 poeticis
909 2044 1057 2128 partibus
1082 2067 1155 2110 esse
1177 2053 1310 2108 seruata

189 2144 378 2220 coniectura
400 2165 559 2229 perquam
581 2143 746 2230 probabili
768 2153 889 2209 censet.
928 2145 1041 2231 Neque
1056 2157 1107 2212 est
1129 2167 1186 2210 eur
1201 2145 1309 2211 Probo

188 2245 271 2312 fides
295 2246 485 2330 derogetur,
509 2245 564 2331 qui
586 2246 729 2331 pessima
752 2243 882 2331 quidem
898 2243 1079 2311 elocutione
1098 2269 1179 2310 uera
1201 2257 1309 2312 tamen

190 2347 379 2434 ceteroquin
401 2347 463 2412 hoc
485 2344 557 2411 loco
579 2347 691 2412 refert.
736 2347 943 2432 Quamquam
965 2345 1046 2412 illud
1068 2357 1308 2431 argumentum,

189 2449 278 2534 quod
304 2447 574 2514 Wachsmuthius
603 2470 635 2533 p.
660 2457 699 2518 43
728 2469 745 2512 e
771 2447 922 2514 uersibus
952 2449 1035 2534 petit
1063 2447 1249 2514 Homericis
1278 2459 1310 2513 et

189 2549 395 2636 Euripideis,
424 2549 542 2635 quibus
571 2547 746 2635 Menippus
780 2550 964 2614 Lucianeus
995 2551 1030 2614 in
1062 2551 1308 2637 necyomantiao

187 2651 283 2718 initio
306 2651 420 2731 utitur,
443 2649 490 2714 nil
512 2650 632 2737 poterit
653 2650 784 2715 efficere
807 2651 870 2715 nisi
894 2651 1032 2716 aliorum
1054 2675 1168 2718 uersus
1184 2651 1309 2738 Menip-

188 2777 266 2840 pum
288 2752 342 2818 uel
364 2750 555 2838 simpliciter
577 2774 755 2838 usurpasse
778 2751 831 2817 uel
859 2752 1134 2841 sillographorum
1155 2753 1251 2820 modo
1275 2754 1310 2817 in

112 2861 120 2871 '
188 2853 361 2920 ridiculum
394 2853 591 2937 detorsisse3
620 2853 753 2940 propria
781 2854 850 2918 eius
879 2857 1025 2920 carmina
1052 2854 1129 2920 inde
1158 2856 1227 2920 erui
1255 2878 1309 2919 ne-

188 2965 321 3042 queunt.
359 2956 406 3020 At
427 2954 720 3041 locupletissimum
749 2956 972 3022 testimouium
993 2957 1127 3041 Dialogi
1149 2957 1307 3022 Lucianei

186 3058 291 3124 uerba
312 3057 483 3144 praebent,
507 3057 687 3122 aLuciano
705 3055 780 3121 dum
796 3057 987 3144 Menippum
1009 3058 1157 3124 imitetur
1174 3082 1209 3124 se
1223 3057 1309 3123 male
1355 3121 1357 3126 .

187 3169 364 3226 tractatum
387 3181 457 3224 esse
480 3159 530 3224 his
558 3158 668 3225 uerbis
698 3160 732 3224 in
754 3160 812 3224 Bis
836 3170 988 3225 accusato
1016 3182 1088 3248 cap.
1112 3170 1152 3231 33
1175 3183 1309 3247 queren-

186 3264 246 3327 tis:
278 3267 334 3346 ‘T‘
355 3251 393 3324 ad
422 3251 486 3344 peip
517 3255 655 3324 πάντων
684 3256 916 3345 ἀτοπώτατον,
946 3260 1067 3344 κρᾶσίν
1095 3284 1171 3326 τινα
1199 3257 1310 3345 παρύ-

159 3374 162 3385 “
190 3363 292 3440 δοξον
314 3357 479 3446 κέκραμαι
502 3358 557 3426 καὶ
580 3355 659 3427 οὕτε
685 3359 781 3442 πεζός
804 3365 870 3447 εἰμι
899 3355 978 3428 οὔτε
1005 3359 1059 3428 ἐπὶ
1086 3361 1154 3426 τῶν
1175 3356 1309 3444 μέτρων

160 3536 163 3549 Ι
186 3458 334 3548 βέβηκα,
355 3455 444 3528 ἀλλὰ
466 3463 739 3550 ἱπποκενταύρου
763 3466 861 3548 δίκην
883 3461 1055 3528 σύνθετόν
1078 3488 1109 3528 τι
1131 3460 1187 3528 καὶ
1209 3461 1310 3541 ξένον

160 3565 306 3651 ιφύσμα
328 3577 398 3640 τοῖς
427 3558 593 3631 ἀκούουσι
622 3566 734 3631 douai?
781 3569 854 3647 Quo
883 3567 952 3631 loco
976 3565 1071 3644 πεζός
1098 3588 1164 3632 non
1186 3564 1230 3631 ad
1251 3565 1309 3629 hu-

158 3654 163 3680 ¹
187 3667 298 3733 milem
319 3667 552 3756 uulgaremque
576 3669 707 3734 dicendi
729 3691 836 3751 usum,
853 3667 911 3732 sed
934 3668 976 3733 ad
993 3689 1175 3733 sermonem
1195 3669 1309 3756 utique

188 3771 372 3857 prosarium
400 3771 564 3858 pertinere
599 3793 638 3836 ea
671 3793 753 3858 quae
786 3778 995 3857 opponuntur
1029 3761 1125 3835 ‘orire
1157 3765 1210 3833 ἐπὶ
1243 3769 1309 3834 τῶν

256 4063 283 4128 1)
302 4065 386 4114 Errat
408 4063 481 4114 enim
503 4065 536 4114 F.
555 4065 615 4129 Ley
638 4062 671 4113 de
694 4063 755 4112 uita
779 4062 945 4128 scriptisque
973 4061 1099 4130 Menippi
1123 4062 1214 4127 cynici
1237 4079 1263 4128 p.
1284 4065 1309 4126 8,

189 4147 385 4199 casaubonum
409 4163 517 4212 quoque
542 4148 666 4198 carmina
688 4148 807 4198 sermoni
831 4147 866 4196 ab
890 4148 939 4198 illo
963 4147 1087 4196 immixta
1112 4146 1250 4198 affirmare
1269 4148 1308 4199 di·

190 4248 264 4283 cens.
300 4231 404 4298 Nempe
424 4237 519 4298 aperte
540 4232 721 4283 Casaubonus
744 4231 871 4282 declarat
888 4248 914 4297 p.
935 4233 984 4282 207
1003 4236 1104 4281 ‘meras
1125 4231 1255 4296 parodias
1275 4250 1308 4284 ex

190 4316 291 4368 alienis
313 4317 442 4368 uersibus
464 4318 625 4383 Menippum
649 4317 854 4382 contexuisse’,
878 4331 933 4367 non
956 4319 1049 4367 autem
1078 4316 1169 4381 ipsum
1197 4331 1306 4382 quoqne

190 4402 268 4466 poesi
285 4402 448 4468 omnigenae
467 4417 579 4468 operam
601 4399 778 4469 impendisse.
