3326 5304
425 387 436 418 l

322 468 361 532 76
420 527 425 540 ,
788 472 915 530 capvt
944 472 965 528 ll

320 639 448 702 iunctas
480 637 650 724 diremptis
684 647 824 702 constat.
878 634 953 701 Hoc
985 636 1071 699 enim
1105 635 1237 700 dicendi
1269 657 1372 720 genus
1405 637 1441 700 in

320 761 420 826 prosa
442 739 587 804 oratione
609 738 800 826 plerumque
814 738 919 802 Varro
934 735 1046 818 habet,
1062 735 1150 823 quod
1170 736 1288 802 itidem
1310 737 1439 801 eximi-

320 841 444 906 tatione
473 840 536 905 sibi
568 841 703 905 uidetur
735 839 915 905 adsciuisse
947 838 1064 904 Asiani
1097 837 1266 904 cuiusdam
1298 838 1439 904 rhetoris

321 964 418 1030 quem
440 964 478 1007 eo
500 965 597 1006 usum
619 964 691 1006 esse
713 941 850 1024 scimus3
873 941 916 1005 cf.
939 939 1007 1004 Cic.
1031 963 1105 1028 epp;
1128 938 1172 1004 ad
1193 941 1263 1006 Au.
1290 940 1358 1006 XII
1373 949 1437 1023 6‚1

321 1045 377 1130 qui
405 1052 481 1130 post
510 1044 689 1108 sententias
717 1041 814 1107 ualde
843 1043 981 1129 abrupte
1010 1041 1149 1129 scriptas
1178 1042 1301 1128 pergit:
1337 1047 1441 1108 ‘tobes

320 1152 471 1227 Heqesr'ue
495 1166 604 1224 uenus,
637 1151 719 1224 quod
752 1151 853 1209 Vurro
880 1149 1011 1208 laudat’
1035 1179 1076 1192 -
1098 1141 1209 1207 Aliam
1237 1144 1280 1208 ob
1307 1165 1440 1209 causam

320 1248 417 1312 Eum.
441 1247 582 1311 XXXII
605 1251 673 1311 ‘uix
700 1253 810 1328 uulnus
831 1251 966 1324 confluit·
980 1266 1042 1310 nou
1064 1251 1230 1310 Furiarum
1257 1251 1438 1325 respuere

321 1372 388 1415 rum
411 1361 503 1429 atque
518 1355 713 1413 ancillarum’
737 1349 802 1412 tria
816 1347 920 1412 uerba
935 1347 1047 1433 priora
1061 1346 1152 1433 poesi
1167 1369 1241 1411 cum
1255 1346 1439 1412 Ribbeckio

320 1450 452 1516 addixi:
483 1449 598 1514 addita
623 1448 680 1514 illa
702 1455 776 1514 ἀοα
805 1455 974 1514 Furiarum
1002 1454 1065 1513 sed’
1100 1469 1183 1534 quae
1210 1456 1342 1534 praeter
1369 1469 1439 1512 sen-

320 1553 442 1617 tentiae
463 1553 694 1616 necessitatem
716 1559 803 1633 sunt,
828 1550 1015 1635 significant
1036 1558 1116 1636 puto
1139 1547 1204 1614 talc
1227 1548 1352 1635 aliquid
1372 1553 1440 1615 ‘uix

320 1660 430 1732 uulyus
456 1655 580 1732 co'nslur't
599 1651 612 1739 ll
632 1654 812 1716 Furiarum’
840 1651 984 1718 Varroni
1011 1652 1058 1715 in
1072 1661 1180 1715 mente
1201 1649 1321 1732 fuisse,
1350 1650 1440 1738 quod

321 1756 363 1820 ad
390 1753 478 1818 Enni
504 1753 704 1818 Eumenides
737 1753 880 1818 fortasse
912 1752 1079 1840 pertinuit.
1107 1791 1151 1802 -
1179 1752 1245 1818 Sed
1272 1753 1362 1818 Man.
1390 1753 1439 1817 VI

321 1854 505 1922 sententiae
533 1863 601 1920 ‘uec
628 1864 718 1919 uatus
745 1865 789 1918 est
811 1877 871 1920 uec
897 1861 1060 1921 morietur:
1092 1862 1174 1935 uiuet
1200 1866 1288 1935 erepet
1313 1865 1345 1919 ut
1366 1863 1440 1936 pote

316 1965 499 2040 plurimum'
527 1979 603 2044 pars
633 1956 797 2044 posterior
817 1966 885 2022 tam
907 1957 1036 2043 poetica
1058 1957 1092 2020 in
1107 1957 1217 2023 uerbis
1235 1979 1334 2044 quam
1348 1957 1440 2042 prior

321 2070 371 2125 est
394 2059 534 2145 simplex
563 2070 596 2124 et
624 2058 874 2124 adducendum
896 2069 988 2145 apta:
1014 2081 1113 2152 quare
1135 2059 1351 2145 posteriorem
1379 2080 1438 2145 pro

319 2169 414 2248 parte
435 2159 620 2225 hexametri
641 2159 746 2225 habeo
763 2183 781 2224 e
796 2160 938 2224 carmine
960 2159 1068 2246 aliquo
1085 2158 1283 2225 didascalico
1299 2168 1438 2246 sumpta.

319 2264 462 2346 Περιαλ.
485 2263 537 2345 11,
560 2261 596 2328 II
618 2268 738 2342 ‘pauiu
767 2259 892 2344 πέμμα,
921 2268 1042 2339 laeuus,
1072 2267 1157 2327 mous
1185 2267 1239 2341 qui
1258 2267 1440 2341 purissimus

320 2371 412 2431 multo
434 2373 489 2430 est’
513 2372 545 2428 et
567 2367 690 2446 Σαιαμ.
712 2363 749 2429 II
771 2369 901 2441 ‘uinum
931 2359 1057 2446 πέμμα,
1086 2368 1206 2428 lucuns’
1231 2384 1300 2449 sqq.
1322 2363 1438 2429 uerbo·

319 2489 392 2531 rum
413 2467 480 2532 iam
502 2464 668 2553 parilitate
691 2465 733 2530 ad
748 2464 881 2552 aliquod
897 2463 1082 2552 exemplum
1096 2463 1269 2530 referenda
1283 2485 1318 2528 se
1333 2472 1439 2528 osten-

320 2569 413 2652 dunt,
436 2567 528 2633 cuius
551 2565 659 2633 locum
681 2566 844 2633 Lucilium
866 2566 1047 2632 obtinuisse
1061 2566 1132 2631 ueri
1155 2576 1206 2633 est
1228 2565 1438 2649 simillimum,

320 2670 372 2734 cui
400 2678 505 2736 totum
532 2666 710 2752 Περιαλού
741 2667 969 2733 hexametrum
1002 2667 1171 2750 dabimus3
1205 2666 1302 2732 huius
1331 2677 1440 2733 autem

319 2771 496 2856 fragmenti
516 2767 645 2857 reliqua
671 2791 749 2856 pars
777 2769 940 2856 pedestris
964 2792 1052 2852 esse,
1080 2770 1109 2833 si
1135 2791 1267 2833 uersum
1294 2769 1439 2834 concedi-

214 2889 218 2898 ’
318 2893 391 2936 mus
411 2871 570 2939 adlatum
591 2893 663 2936 esse
690 2871 875 2954 eLucilic‚
905 2894 979 2938 cum
1006 2873 1041 2935 in
1071 2881 1210 2936 metrum
1237 2893 1303 2936 non
1329 2870 1437 2952 cadat,

319 2971 417 3036 facile
439 2973 647 3057 conceditur3
670 2974 706 3037 in
722 2975 911 3059 Σκιαμαχία
933 2983 1042 3039 autem
1065 2971 1203 3037 eandem
1222 2994 1339 3038 uersus
1365 2993 1438 3059 par·

319 3083 384 3138 tem
406 3074 515 3140 uerbis
538 3073 641 3140 libere
663 3074 797 3140 mutatis
820 3076 856 3139 in
877 3074 987 3140 locum
1008 3075 1197 3145 hexametro
1221 3075 1439 3160 conscriptum

318 3176 435 3257 infert,
464 3175 577 3262 quales
599 3176 797 3242 mutationes
827 3177 927 3241 etiam
948 3176 1090 3262 Endym.
1113 3175 1178 3255 VI,
1207 3177 1354 3258 Κοσμοτ.
1376 3175 1438 3259 VI,

317 3277 399 3362 Leg.
423 3277 532 3342 Maon.
548 3277 608 3359 VI,
629 3277 720 3343 Man.
738 3277 823 3342 XIV
840 3287 873 3342 et
892 3278 1068 3366 praecipue
1091 3278 1199 3342 Prom.
1221 3274 1278 3342 lib.
1294 3277 1344 3342 VI
1367 3277 1438 3365 (ubi

318 3377 371 3444 uel
393 3389 533 3445 metrum
556 3377 757 3445 trochaicum
778 3380 813 3442 in
836 3380 983 3445 senarios
1005 3379 1163 3444 iambicos
1186 3379 1340 3463 mutauit)
1364 3401 1437 3442 eum

318 3482 437 3545 fecisse
458 3480 608 3546 uidemus
633 3480 784 3568 quodque
807 3491 931 3546 certam
959 3503 1115 3545 uersuum
1136 3482 1359 3569 inspersorum
1387 3500 1438 3544 co-

318 3582 497 3668 gnitionem
512 3581 613 3648 multo
630 3581 849 3648 difficiliorem
863 3582 981 3647 reddit.
1020 3581 1123 3648 Porro
1145 3590 1179 3647 et
1201 3582 1330 3648 senario
1353 3604 1437 3647 com-

317 3683 471 3770 positum·
483 3684 693 3770 prouerbium
708 3684 873 3750 Graecum
894 3684 1041 3770 pedestri
1064 3684 1205 3750 sermoni
1220 3683 1357 3772 Papiap.
1370 3682 1438 3747 XV

317 3784 494 3850 immiscuit
521 3794 555 3849 et
583 3785 700 3870 tragici
728 3785 848 3850 Graeci
874 3785 985 3851 nescio
1020 3786 1112 3851 ouius
1139 3783 1382 3850 hemistichium
1410 3785 1438 3850 si

318 3895 407 3952 recte
429 3885 602 3951 emendaui
622 3885 720 3971 Ταφῇ
740 3889 828 3948 Meu.
850 3886 902 3951 XI
924 3885 1064 3968 reddidi,
1088 3887 1207 3973 quibus
1230 3869 1352 3969 Edoni
1375 3886 1438 3951 al

319 3987 439 4054 senarii
461 3987 576 4052 comici
597 3997 725 4074 partem
741 3986 862 4052 Graeci
884 3988 1038 4054 accedere
1060 3997 1151 4074 puto.
1197 3987 1362 4054 Graecum
1383 3986 1437 4052 de·

317 4089 416 4175 nique
431 4088 653 4175 septenarium
674 4089 731 4176 qui
752 4088 968 4174 prouerbialis
990 4088 1069 4154 mihi
1091 4089 1232 4171 uidetur,
1249 4089 1317 4152 suis
1332 4087 1437 4176 ipsius

318 4188 469 4254 uersibus
487 4180 559 4253 ”Ora
582 4182 656 4274 λύρ.
679 4189 746 4254 XV
773 4189 921 4255 inseruit.
971 4189 1174 4255 Breuissima
1201 4198 1311 4254 autem
1340 4210 1437 4277 quae-

320 4289 396 4354 dam
418 4289 549 4355 Graeca
574 4289 667 4356 uelut
699 4291 808 4354 πίνων
836 4289 937 4366 δέπας
965 4290 1041 4376 (Est
1068 4311 1110 4354 m.
1134 4314 1177 4354 m.
1200 4291 1286 4378 111),
1317 4281 1439 4375 μικρὸν

320 4387 418 4468 κρέας
442 4390 545 4476 (Man.
568 4392 668 4478 VIII)
692 4389 874 4478 similiaque
896 4400 1008 4457 utrum
1030 4413 1073 4458 ex
1095 4391 1169 4457 aliis
1197 4390 1375 4478 sumpserit
1395 4413 1439 4458 an
