3274 5296
656 483 782 541 GAPVT
814 483 823 539 l
1257 481 1299 546 35

179 629 301 734 optime
323 645 503 733 quadrant3
534 667 611 709 nam
633 646 679 711 ibi
709 669 836 734 quoque
860 645 1008 730 dialogos
1032 647 1201 714 institutos
1226 671 1297 714 esse

180 760 213 814 et
234 749 269 812 in
292 747 368 812 Cati
389 747 584 833 fragmentis
608 747 806 833 perspicitur
834 749 880 833 (u.
904 746 1019 834 supra)
1047 758 1081 813 et
1107 750 1182 814 inde
1211 753 1298 837 quod

180 851 295 916 Cicero
311 849 470 914 Varronis
495 847 656 931 διάλογον
678 849 866 936 expectauit
888 859 1035 936 apparet.
1079 851 1154 916 Vna
1175 875 1211 916 re
1233 853 1298 918 He-

180 950 320 1016 raclides
338 949 452 1016 abillo
469 949 588 1032 differt,
613 949 701 1036 quod
722 951 855 1016 nemina
877 973 1011 1038 propria
1033 953 1146 1038 paucis
1170 962 1298 1018 tantum

180 1037 362 1139 inscripsit,
386 1051 508 1118 Acusio
531 1060 563 1116 et
587 1050 713 1117 Oliniae
736 1061 768 1116 et
789 1053 991 1137 Protagorae
1015 1055 1061 1140 (u.
1083 1055 1182 1138 Diog.
1205 1056 1243 1119 L.
1267 1055 1299 1121 V

181 1161 221 1226 87
244 1155 324 1242 sq.);
348 1161 458 1218 cetera
473 1162 741 1238 argumentorum
763 1163 891 1218 tantum
912 1153 1142 1241 inscriptiones
1165 1155 1298 1240 habent,

179 1255 245 1319 nisi
267 1255 353 1322 forte
376 1255 474 1320 etiam
496 1254 617 1321 Abaris
647 1264 697 1320 est
718 1255 890 1342 inscriptio
912 1255 1006 1338 libri,
1035 1255 1078 1322 ef.
1101 1257 1298 1324 Plutarchus

182 1357 222 1420 de
251 1356 327 1422 aud.
356 1365 443 1444 poet.
474 1365 509 1439 1,
539 1356 595 1443 qui
624 1347 664 1420 τὰ
692 1353 860 1440 περὶτῶν
882 1356 999 1438 ψυχῶν
1027 1356 1176 1442 δόγματα
1205 1359 1299 1445 (haee

183 1457 325 1546 exempli
348 1479 448 1522 causa
470 1459 578 1543 affert)
607 1455 792 1541 μεμιγμένα
821 1461 1014 1545 μυθολογίᾳ
1047 1459 1168 1526 talibus
1192 1461 1298 1526 inesse

181 1558 262 1625 dicit
269 1609 278 1643 ‚
309 1560 428 1646 quibus
451 1561 561 1625 uerbis
591 1559 643 1624 uel
665 1580 783 1624 nomen
805 1559 1067 1646 logistoricerum
1089 1562 1159 1627 fere
1182 1563 1298 1648 tangit.

265 1662 497 1744 Quaerendum
519 1663 584 1726 iam
606 1672 656 1727 est
677 1663 811 1728 nomina
832 1663 967 1750 propria
988 1686 1046 1728 cur
1069 1664 1116 1728 eis
1139 1665 1299 1751 inscripta

181 1765 257 1830 sint'.
296 1762 370 1845 Qua
393 1763 484 1827 dere
500 1763 698 1828 Ritschelius
722 1764 811 1849 quod
834 1774 931 1830 antea
953 1765 1103 1852 opinatus
1127 1775 1197 1831 erat
1220 1766 1256 1851 (l.
1270 1791 1298 1832 e.

179 1889 213 1952 p.
228 1865 293 1930 III.
316 1864 358 1929 cf.
382 1889 414 1952 p.
429 1863 509 1929 VII.
526 1863 635 1949 XII.),
657 1864 805 1930 homines
823 1865 1001 1951 significari
1023 1867 1143 1954 quibus
1165 1868 1297 1934 honoris

179 1967 232 2032 uel
254 1967 418 2032 amicitiae
441 1987 541 2030 causa
563 1967 671 2032 Varro
697 1967 800 2034 libros
829 1965 1030 2033 dedicauerit
1059 1991 1179 2056 eosque
1201 1969 1298 2035 simul

180 2068 289 2156 aliquo
312 2069 409 2133 modo
432 2091 507 2132 cum
521 2091 557 2132 re
573 2078 714 2134 tractata
729 2071 918 2135 coniunctos
942 2092 1024 2152 esse,
1048 2070 1083 2134 id
1097 2071 1168 2160 ipse
1184 2080 1298 2158 postea

180 2181 266 2236 recte
288 2170 491 2236 retractauit.
526 2169 611 2234 Nam
632 2169 722 2236 nullo
745 2171 842 2236 modo
865 2171 900 2235 id
923 2171 994 2235 fieri
1009 2172 1116 2258 potuit
1131 2174 1166 2237 in
1181 2174 1298 2239 Oreste

181 2273 221 2337 de
243 2271 387 2355 insania,
410 2293 506 2357 quem
529 2272 556 2335 si
580 2271 622 2338 ab
646 2269 790 2338 Aureliis
814 2272 958 2354 Orestis,
987 2271 1115 2336 familia
1137 2273 1297 2358 Romana,

179 2374 378 2455 nominauit,
415 2373 580 2458 ingratum
614 2374 762 2461 profecto
795 2374 952 2440 honorem
980 2375 1083 2437 amico
1117 2374 1297 2441 tribuisset.

182 2475 279 2558 Quod
309 2497 422 2540 uerum
450 2484 517 2558 est,
550 2474 750 2541 Ritschelius
778 2498 861 2540 mus.
884 2473 995 2562 philol.
1019 2473 1070 2539 VI
1098 2484 1159 2546 552
1187 2486 1254 2542 not.
1278 2488 1313 2547 4’

180 2578 307 2666 posuit,
337 2597 392 2641 eos
420 2575 660 2662 intellegendos
690 2601 761 2642 esse
789 2576 908 2664 quibus
937 2599 1080 2640 summas
1109 2577 1144 2641 in
1167 2577 1297 2664 dialogo

180 2691 290 2766 partes
308 2679 410 2743 Varro
426 2678 589 2762 tribuerit,
607 2679 658 2744 cui
674 2679 856 2744 sententiae
868 2677 1071 2744 Mercklinus
1086 2703 1170 2744 mus.
1186 2678 1298 2767 philol.

181 2781 251 2846 XII
280 2789 341 2852 395
371 2790 404 2844 et
430 2779 624 2845 Krahnerus
653 2779 675 2846 l.
698 2804 726 2846 c.
754 2805 786 2868 p.
812 2789 850 2850 12
884 2778 1126 2866 adstipulantur
1135 2781 1175 2866 ¹);
1210 2781 1298 2867 quod

181 2881 267 2947 idem
289 2881 404 2946 Cicero
427 2881 462 2945 in
484 2880 611 2947 (latone
634 2894 666 2948 et
686 2882 810 2962 Laelio,
836 2873 1097 2965 Ἡρακλειὸείοις
1131 2884 1216 2965 suis,
1250 2885 1297 2946 in-

181 2984 303 3068 stituit3
332 2982 441 3070 potuit
462 2983 661 3049 Ritschelius
683 2983 872 3049 Heraclidis
896 3007 1024 3071 quoque
1052 2984 1155 3070 ipsius
1179 2984 1300 3049 librum

182 3083 256 3169 περὶ
272 3083 334 3149 τοῦ
355 3084 553 3168 ῥητορεύειν
574 3075 595 3168 ἢ
610 3083 840 3169 Πρωταγόρας
862 3086 975 3171 (Diog.
990 3086 1029 3150 L.
1045 3084 1077 3150 V
1093 3086 1149 3172 88)
1173 3087 1208 3150 in
1224 3085 1298 3151 sub-

182 3187 300 3253 sidium
320 3208 450 3253 uooare.
485 3187 651 3252 Dedicare
671 3188 773 3274 igitur
795 3186 867 3252 aliis
891 3187 1033 3269 omnino,
1057 3187 1085 3252 si
1100 3185 1215 3268 uoluit,
1238 3186 1298 3253 hos

180 3288 280 3356 libros
303 3297 449 3376 poterat,
473 3311 570 3375 quam
592 3289 639 3353 eis
662 3312 801 3376 quorum
828 3290 962 3355 nomina
984 3311 1062 3375 prae
1085 3312 1119 3353 se
1142 3287 1297 3375 ferend).

181 3390 321 3457 Mortuis
345 3391 442 3454 etiam
465 3413 539 3454 eum
563 3413 795 3478 saepenumero
824 3412 967 3455 summas
996 3399 1106 3476 partes
1135 3388 1297 3471 tribuerit,

182 3492 272 3557 nulla
293 3503 404 3558 tamen
427 3493 521 3579 quasi
542 3492 614 3578 lege
637 3493 680 3557 ad
701 3493 788 3558 hunc
811 3515 846 3558 se
860 3513 956 3556 usum
972 3490 1165 3573 adstrinxit3
1187 3489 1298 3577 Nepos

183 3594 267 3658 enim
295 3605 329 3660 et
357 3594 486 3659 Atticus
515 3594 584 3658 uiui
613 3594 780 3659 etiamtum
812 3594 946 3659 fuerunt
974 3615 1049 3658 cum
1074 3591 1151 3657 libri
1180 3615 1298 3677 cogno·

183 3697 283 3762 mines
307 3695 579 3784 scriberentur³);
602 3718 707 3782 neque
723 3695 903 3784 quidquam
919 3718 961 3760 ex
975 3705 1132 3781 tempore,
1157 3716 1219 3781 quo
1235 3695 1299 3760 uiri

267 3921 293 3988 1)
313 3920 473 3973 Krahnerus
499 3935 559 3972 eum
579 3935 640 3972 esse
659 3919 727 3970 dicit
744 3919 815 3971 libro
834 3921 995 3985 inscriptum
1020 3923 1091 3968 ‘cum
1111 3917 1188 3968 cuius
1206 3917 1298 3968 indole

184 4023 226 4058 rer
240 4007 387 4058 coniuncta
401 4009 469 4068 est‘3
489 4005 517 4056 id
536 4005 615 4071 quod,
636 4020 697 4056 eum
716 4005 834 4071 dialogis
853 4005 995 4056 institutos
1008 4003 1059 4053 hos
1072 4002 1158 4052 libros
1171 4001 1298 4064 uidimus,

185 4092 255 4144 idem
273 4092 333 4144 fere
352 4090 421 4141 dicit
440 4090 511 4154 quod
529 4089 666 4142 Ritscheli
684 4091 835 4140 sententia.

265 4175 295 4244 2)
314 4176 361 4228 Sic
381 4175 481 4226 Cicero
500 4175 634 4227 Catonem
654 4179 682 4226 et
699 4173 826 4225 Laelium
845 4173 938 4224 Attico
957 4170 1108 4224 dedicauit.

266 4261 292 4326 3)
312 4259 421 4312 Atticus
435 4277 460 4312 a.
473 4276 500 4316 u.
514 4278 537 4312 c.
551 4263 600 4312 722
615 4257 718 4325 (Nepos
735 4259 792 4311 Aa.
805 4273 828 4308 c.
842 4257 896 4322 22),
910 4258 1001 4322 Nepos
1015 4255 1083 4306 ‘diui
1095 4254 1213 4319 Augusti
1225 4254 1299 4320 prin-

185 4347 287 4413 cipatu'
308 4344 430 4411 (Plinius
448 4347 480 4398 N.
494 4347 529 4395 Η.
549 4345 588 4396 IX
607 4343 684 4410 137),
703 4345 790 4395 Varro
810 4359 836 4394 a.
849 4358 875 4393 u.
890 4359 913 4392 c.
927 4343 976 4393 726
995 4337 1191 4407 (Hieronymus
1204 4339 1298 4391 chron.

186 4430 218 4484 ol.
238 4432 299 4496 188,
321 4430 346 4496 1)
366 4429 439 4482 diem
457 4431 584 4482 obierunt
602 4445 765 4496 supremum.
1369 4435 1371 4442 ’

1054 4509 1097 4578 3*
