3246 5300
639 429 846 485 lOGlSTORlCl
1237 424 1298 490 247

268 694 366 778 Diog.
394 693 503 758 Laert.
534 692 630 762 1192
664 691 874 776 ’Μελέαγρος
900 688 935 757 δὲ
967 691 1004 756 ἐν
1031 692 1083 781 τῷ
1121 692 1298 780 δευτέρῳ

185 791 277 874 περὶ
305 794 436 872 δοξῶν
464 791 519 858 καὶ
541 792 767 878 Κλειτόμαχος
788 796 826 857 ἐν
848 797 894 882 τῷ
916 789 1036 882 πρώτῳ
1057 791 1133 877 περὶ
1156 797 1224 858 τῶν
1243 796 1297 858 ἀι’-

184 892 308 980 ρὲοεων
330 893 435 978 φασὶν
463 887 587 972 αὐτοὺς
616 896 651 983 (i.
675 920 703 961 e.
726 895 939 984 Cyrenaicos)
967 891 1114 981 ἄχρηστα
1142 885 1300 979 ἡγεῖσθαι

183 995 221 1062 ιό
244 1020 280 1062 τε
309 988 457 1080 φυσικὸν
485 997 587 1082 μέρος
614 994 669 1062 καὶ
697 989 734 1062 τὸ
764 992 982 1064 διαλεκτικόν.
1027 997 1212 1064 Δύνασθαι
1235 991 1300 1081 γὰρ

185 1084 223 1163 εὖ
246 1099 358 1182 λέγειν
385 1095 440 1163 καὶ
463 1099 724 1183 δεισιδαιμονίας
747 1093 841 1176 ἐκτὸς
869 1095 954 1166 εἶναι
977 1093 1114 1167 καὶτὸν
1136 1105 1213 1188 περὶ
1234 1097 1301 1172 θά-

185 1201 291 1266 νάτον
313 1199 425 1284 φόβον
447 1199 626 1285 ἐκφεύγειν
648 1195 708 1266 τὸν
732 1194 822 1288 [τὸν]
846 1200 923 1288 περὶ
945 1196 1086 1287 ἀγαθῶν
1109 1206 1165 1273 καὶ
1186 1213 1301 1274 κακῶν

185 1299 287 1386 λόγον
309 1300 589 1388 ἐκμεμαθηκότα)

444 1920 491 1992 Μ.
520 1917 751 1992 TERENTI
777 1918 1039 1996 VARRONIS

567 2053 907 2130 LOGISTORIOI

641 2355 839 2423 ATTICVS

608 2460 667 2523 De
696 2459 871 2523 numeris

178 2587 183 2598 ¹
267 2560 466 2626 Censorinus
490 2568 528 2642 2,
551 2569 570 2629 2
594 2583 640 2648 sq.
671 2558 821 2625 ‘Scilicet
847 2570 885 2625 ut
906 2560 1013 2625 Varro
1042 2569 1182 2626 testatur
1204 2562 1237 2624 in
1260 2584 1299 2628 eo

182 2661 266 2728 libro
291 2662 343 2727 cui
366 2661 480 2728 titulus
511 2671 560 2727 est
587 2662 720 2728 Atticus
744 2674 777 2729 et
801 2671 851 2727 est
880 2662 921 2726 de
948 2662 1108 2744 numeris,
1137 2663 1170 2728 id
1199 2663 1299 2728 moris

182 2764 389 2850 institutique
417 2764 557 2828 maiores
587 2764 691 2829 nostri
721 2774 911 2843 tenuerunt,
943 2773 980 2829 ut
1008 2786 1082 2828 cum
1113 2764 1167 2830 die
1195 2763 1299 2830 natali

181 2889 298 2930 munus
321 2865 437 2930 annale
459 2866 554 2952 genio
577 2865 756 2947 soluerent‚
780 2888 912 2932 manum
934 2867 1070 2932 accede
1093 2874 1126 2930 et
1142 2868 1300 2951 sanguine
1411 2889 1413 2896 ·

181 2969 401 3051 abstinerent,
424 2991 465 3034 ne
488 2967 541 3032 die
564 2991 629 3055 qua
650 2968 714 3055 ipsi
736 2967 842 3033 lucem
864 2971 1069 3054 accepissent
1094 2967 1168 3033 aliis
1193 2968 1298 3033 deme-

180 3080 263 3135 rent.
284 3071 435 3157 Denique
450 3068 527 3136 Deli
543 3070 587 3134 ad
601 3069 763 3158 Apollinis
780 3071 935 3156 genitoris
960 3094 1062 3153 aram,
1085 3081 1122 3136 ut
1144 3071 1299 3136 Timaeus

181 3180 383 3253 auctorest,
411 3194 506 3237 nemo
529 3172 670 3238 hostiam
699 3172 817 3238 caedit.
863 3172 951 3238 Illud
980 3173 1080 3238 etiam
1105 3173 1140 3235 in
1162 3173 1222 3236 hoc
1246 3171 1300 3236 die

183 3271 440 3354 obseruandum,
474 3275 560 3359 quod
587 3275 683 3358 genio
711 3273 836 3338 factum
868 3273 1030 3338 neminem
1061 3281 1191 3358 oportet
1224 3279 1299 3335 ante

180 3381 317 3458 gustare
339 3395 436 3459 quam
459 3395 532 3438 eum
555 3375 611 3460 qui
633 3374 771 3438 fecerit!

636 3541 845 3608 CALENVS

265 3645 377 3708 Duces
402 3646 637 3731 cumprimum
667 3643 820 3710 hostilem
843 3667 959 3730 agrnm
988 3644 1157 3710 introitum
1180 3644 1299 3726 ierant,

181 3747 296 3813 ominis
320 3769 420 3810 causa
442 3745 532 3832 prius
555 3748 684 3810 hastam
705 3746 739 3809 in
756 3769 829 3811 eum
853 3768 967 3832 agrum
983 3746 1174 3828 mittebant,
1197 3755 1234 3811 ut
1249 3769 1299 3812 oa-

149 3863 153 3870 '
182 3849 258 3914 stris
282 3847 391 3913 looum
414 3858 578 3934 caperent.

247 4036 403 4090 ATTICVS
440 4035 484 4090 cf.
508 4036 635 4087 Sidonius
657 4037 825 4103 Apollinaris
846 4054 907 4104 epp.
925 4039 1023 4090 vnlc
1047 4039 1212 4089 ‘Varronem
1231 4039 1300 4105 logi-

183 4107 314 4156 storicum
332 4107 405 4156 sicut
422 4119 590 4171 poposceras
611 4111 638 4156 et
650 4106 801 4156 Eusebium
819 4106 1056 4172 chronographum
1068 4107 1152 4158 misi.’
1172 4106 1202 4157 Si
1215 4109 1299 4158 etiam

182 4175 313 4224 Varronis
340 4173 411 4225 liber
435 4174 470 4223 ad
493 4173 741 4240 chronographiam
764 4174 936 4240 pertinebat,
964 4175 1074 4226 Atticus
1101 4175 1211 4225 uidetur
1234 4175 1299 4226 mihi

182 4242 278 4305 fuisse,
292 4243 328 4294 cf.
342 4243 423 4306 proll.
437 4259 464 4307 p.
478 4245 510 4293 37
523 4246 578 4292 not.
593 4244 617 4292 6.
643 4245 701 4294 ‘De
719 4243 889 4294 muneribus’
908 4243 1058 4305 Manutius,
1077 4243 1253 4294 Ritschelius.
1267 4271 1298 4280 -

183 4309 225 4358 Gi.
245 4309 357 4360 Seruius
376 4310 410 4360 ad
429 4312 496 4360 Aen.
515 4311 557 4362 III
575 4312 652 4362 85.-

251 4377 416 4431 CALENVS
453 4378 564 4429 Seruius
583 4381 619 4430 ad
631 4379 699 4431 Aen.
711 4379 752 4431 IX
764 4381 797 4432 53
815 4380 914 4432 ‘Varro
933 4379 961 4430 in
975 4378 1080 4432 Caleno
1099 4381 1140 4432 ita
1160 4381 1253 4432 ait...’
1267 4409 1299 4420 -
