3274 5296
647 445 856 494 PRAEFATIO.
1270 449 1308 495 IX

187 623 294 686 ,quam
324 600 567 665 accuratissime
597 599 719 686 ubique
748 598 982 684 describerem3
1013 621 1077 686 quo
1107 600 1147 666 dc
1175 601 1310 666 consilio

192 721 228 785 in
257 719 416 784 Nonianis
444 717 536 784 libris
567 723 633 782 BH
639 723 710 782 LW
739 717 883 783 adhibito
919 719 980 784 hoe
1007 740 1137 800 moneo,
1172 720 1307 786 ubicun-

192 859 258 924 que
281 837 322 903 de
337 843 368 902 H
390 847 495 918 taces,
518 859 569 902 mc
585 836 631 901 nil
653 837 848 923 comperisse
871 835 954 923 (uid.
970 837 1093 924 supra),
1122 837 1308 924 ubicunque

193 957 236 1022 de
250 961 295 1038 B,
318 956 405 1022 locos
429 956 476 1024 ibi
493 978 560 1038 non
579 963 706 1040 extar03
729 969 813 1021 nam·
827 957 959 1021 tertium
981 964 1196 1044 quartumque
1211 955 1309 1023 Nonii

192 1083 294 1160 caput
320 1076 545 1161 permultaque
573 1081 742 1162 praeterea
770 1075 963 1162 scriptorum
985 1075 1171 1141 testimonia
1191 1076 1226 1141 in
1248 1077 1309 1140 hoc

192 1195 277 1262 libro
306 1193 433 1260 desunt.
462 1194 585 1276 ¹Attuli
613 1194 710 1260 etiam
738 1215 821 1281 quae
849 1193 889 1260 de
918 1192 991 1292 aliis
1020 1193 1187 1261 codicibus
1209 1193 1308 1260 undo-

192 1336 332 1396 cumque
361 1314 513 1398 comperi.
565 1312 604 1378 In
633 1309 826 1378 coniecturis
855 1333 933 1378 uero
962 1313 1133 1380 narrandis
1163 1335 1215 1378 me
1243 1335 1308 1378 non

192 1432 292 1518 plane
307 1432 414 1498 omnia
428 1433 591 1518 recepisse
606 1432 787 1498 studiorum
802 1431 1077 1498 Varronianorom
1093 1432 1190 1519 periti
1212 1431 1310 1498 facile

193 1550 383 1637 probabunt
404 1553 575 1638 magisque
596 1572 711 1616 uereor
732 1573 773 1616 ne
795 1552 890 1618 nimis
914 1573 1013 1638 quam
1034 1572 1076 1616 ne
1103 1573 1218 1638 parum
1241 1552 1308 1638 opi·

191 1671 361 1735 nationum
390 1669 541 1734 retulisse
570 1669 694 1736 uidear.
740 1670 919 1756 Praecipue
942 1677 1050 1734 autem
1077 1677 1115 1735 ut
1141 1669 1250 1737 decuit
1275 1671 1309 1736 in

191 1788 492 1875 antiquissimarum
514 1788 692 1855 editionum
715 1796 747 1852 et
768 1788 912 1875 Popmae
934 1797 967 1854 et
988 1788 1142 1854 Gerlachi
1173 1797 1206 1854 et
1227 1789 1308 1854 Roc-

189 1908 261 1990 peri
276 1907 463 1972 commentis
481 1906 704 1973 adscribendis
720 1907 853 1973 modum
869 1908 973 1991 tenui3
986 1929 1090 1994 neque
1105 1907 1174 2010 iere
1189 1906 1309 1974 alicubi

191 2025 351 2092 secundos
376 2029 403 2091 si
431 2025 487 2113 qui
516 2033 608 2090 orant
635 2027 893 2092 coniecturarum
923 2026 1110 2092 inuentores
1133 2028 1308 2093 nominaui.

189 2143 353 2209 Versuum
393 2165 521 2231 quoque
562 2151 710 2242 auctores
750 2155 787 2211 ut
830 2145 1007 2211 indicarem
1051 2167 1183 2231 operam
1219 2144 1307 2229 dedi,

189 2285 389 2350 quamquam
411 2284 530 2348 magno
544 2279 623 2328 ‘meo
646 2263 851 2330 incommodo
873 2263 1031 2328 editiones
1051 2263 1149 2328 Nonii
1170 2263 1310 2328 Iuniana

190 2381 293 2468 (quac
316 2383 435 2448 emissa
457 2391 506 2447 cst
521 2383 722 2468 Antuerpiae
745 2382 887 2466 a1565)
911 2383 1109 2468 antiquiores
1132 2381 1223 2446 adire
1244 2403 1309 2446 non

119 2557 121 2560 .
188 2500 284 2566 licuit
311 2507 441 2586 praeter
462 2522 562 2566 unam
577 2501 723 2566 Venetiis
746 2523 776 2565 a.
801 2507 883 2570 1492
908 2500 1045 2581 editam,
1073 2500 1130 2566 ubi
1158 2500 1308 2566 uersibus

187 2619 398 2684 instituendis
426 2641 525 2705 opera
551 2619 695 2684 nondum
723 2618 800 2685 data
826 2626 886 2684 est.
916 2655 957 2666 --
993 2618 1200 2704 Fragmentis
1228 2619 1308 2704 ipsis

188 2759 355 2824 perpauca
385 2745 512 2802 tantum
552 2737 677 2809 addidi:
712 2759 811 2801 unum
843 2738 930 2808 mihi,
958 2736 1172 2802 omittendum
1206 2736 1309 2802 luisse

190 2855 284 2920 doleo
319 2856 406 2942 quod
439 2855 605 2920 Lucienus
638 2853 815 2921 Muellerus
849 2854 930 2920 mihi
966 2856 1130 2943 quondam
1163 2858 1310 2922 narrauit

190 2981 305 3038 extare
334 2974 368 3037 in
391 2975 549 3060 scriptore
571 2973 753 3059 Hispaniae
775 2973 994 3041 ecclesiastico
1019 2973 1140 3040 saeculi
1168 2975 1308 3060 septimi,

188 3093 283 3158 cuius
311 3112 428 3158 nomen
450 3114 484 3158 se
502 3092 673 3177 effugisse,
702 3071 860 3158 sedasse
887 3113 992 3180 neque
1014 3093 1176 3158 Isidorum
1203 3114 1308 3178 neque

189 3211 376 3295 Eugenium
412 3210 621 3294 Toletanum3
661 3232 793 3276 uersum
825 3221 934 3277 autem
967 3234 1039 3276 esse
1079 3210 1307 3279 choliambum.

189 3329 296 3409 Quem
320 3329 376 3394 diu
397 3330 600 3415 multumque
622 3338 784 3395 scrutatus
806 3337 978 3415 postquam
1001 3352 1066 3394 non
1086 3330 1196 3395 inueni
1202 3376 1211 3410 ‚
1238 3328 1307 3394 feli-

189 3447 270 3512 ciori
291 3455 329 3512 ut
349 3447 571 3533 indagandum
593 3446 773 3534 relinquam
796 3457 928 3513 coactus
951 3471 1032 3513 sum.

253 3566 293 3631 In
328 3567 463 3633 Graecis
499 3566 668 3632 uocabulis
709 3588 825 3651 graece
861 3566 1003 3632 latineue
1031 3565 1204 3631 exarandis
1233 3588 1307 3631 cum
1336 3577 1344 3592 “

188 3684 318 3750 codices
340 3685 463 3751 nullam
479 3687 609 3750 omnino
623 3706 771 3749 normam
791 3686 971 3770 praebeant
992 3686 1039 3751 ita
1060 3696 1209 3752 uersatus
1226 3708 1306 3759 sum,

187 3811 226 3868 ut
241 3826 324 3890 quae
340 3812 418 3870 tunc
432 3805 466 3869 in
482 3805 619 3870 latinum
634 3803 699 3870 iam
711 3825 890 3871 sermonem
901 3805 1003 3890 recipi
1017 3805 1162 3891 potuisse
1174 3803 1305 3871 uidean-

187 3931 243 3988 tur
277 3924 320 4009 (ο.
350 3945 378 3988 c.
405 3923 620 4010 Marcopolis,
655 3921 841 4009 rhythmos)
877 3923 1004 4005 latinis,
1038 3923 1164 4009 reliqua
1199 3923 1241 4008 (e.
1276 3946 1305 3988 c.

186 4027 451 4125 Koopoioprivq‚
479 4041 712 4126 trepidaturos)
742 4042 869 4126 graecis
891 4041 1007 4106 litteris
1032 4040 1222 4106 scriberem:
1252 4038 1306 4106 lex

185 4160 314 4224 incerta
337 4182 430 4242 sane,
454 4161 511 4225 scd
534 4182 599 4248 qua
614 4160 712 4226 aliam
735 4160 803 4225 uidi
825 4160 958 4254 nullam.
978 4158 1105 4244 'Signis
1128 4157 1248 4223 talibus
1273 4157 1303 4246 []

184 4299 273 4364 quae
294 4277 428 4361 inclusi,
456 4280 489 4344 in
519 4279 611 4348 libris
634 4277 754 4345 dosunt
776 4278 833 4344 sed
856 4278 1006 4344 addenda
1026 4277 1194 4361 uidentur3
1222 4301 1305 4368 quae
