3326 5304
695 413 824 470 GdPV'l
853 413 873 470 ll
1303 413 1342 478 'll

225 580 406 644 ‘cubiculum
433 581 573 656 pudoris’
609 575 757 663 quaesito
790 575 924 642 dietum.
953 615 995 626 -
1023 576 1121 643 Hero.
1150 587 1197 645 tu.
1225 579 1281 644 fid.
1310 581 1341 646 I:

225 685 364 746 ‘Romae’
386 702 520 768 prorsus
544 687 595 744 est
620 699 900 766 superuacaneum
927 688 961 745 et
983 701 1003 744 a
1023 678 1184 746 Varronis
1212 680 1246 745 in
1273 681 1343 748 deis

109 791 113 802 '
226 781 450 848 describendis
480 779 717 848 consuetudine
744 779 897 847 alienum.
919 817 963 830 -
990 785 1136 865 Κοσμοτ.
1158 781 1241 848 VII:
1266 787 1343 850 ‘sue-

224 905 283 950 uus
304 887 439 964 Neptuni
455 889 549 962 filius'
572 883 702 949 nomine
718 883 790 970 ipso
814 881 918 950 oelato
941 881 1091 950 libertate
1105 883 1233 970 poetica
1248 883 1342 950 dixit.

224 1021 268 1034 -
281 983 370 1050 Man.
386 984 454 1050 III:
479 989 647 1065 ‘quadrato
668 989 776 1050 lutere’
798 982 903 1050 libera
918 983 1095 1070 singularis
1109 985 1236 1050 numeri
1250 1008 1343 1052 usur·

224 1086 326 1172 patio.
359 1122 394 1134 -
425 1085 506 1152 ibid.
535 1085 616 1152 XV:
656 1087 783 1152 ‘sudeus'
810 1107 946 1173 prorsus
980 1085 1129 1154 abundat
1160 1087 1255 1154 iuxta
1286 1086 1344 1153 illa

224 1186 374 1254 ‘habens'
398 1209 468 1274 sqq.
493 1185 604 1254 ‘altus'
628 1209 698 1275 sqq.
726 1188 878 1276 positum.
908 1223 951 1238 -
981 1187 1073 1254 Mod.
1101 1187 1147 1253 V:
1187 1193 1345 1270 ‘Delphice

223 1299 320 1356 cuuur
345 1295 516 1372 oolumuu’3
550 1311 667 1355 canere
700 1287 878 1354 nunciandi
910 1288 964 1356 uel
991 1289 1215 1376 praecipiendi
1244 1311 1343 1356 sensu

224 1391 367 1476 positum
389 1413 463 1456 oum
486 1390 617 1457 omnino
648 1391 692 1458 sit
719 1389 823 1476 magis
845 1391 952 1478 poetis
968 1391 1135 1474 usitatum,
1159 1401 1229 1457 tum
1250 1392 1280 1457 si
1302 1391 1342 1458 de

224 1513 272 1574 re,
294 1513 360 1559 non
382 1492 422 1557 de
444 1491 575 1557 homine
596 1501 786 1579 usurpatur,
809 1513 830 1556 ιι
850 1513 950 1580 prosa
973 1492 1102 1559 omnino
1119 1500 1170 1558 est
1192 1491 1341 1560 alienum.

224 1592 377 1660 Ceterum
399 1593 440 1660 de
468 1592 530 1658 hoo
558 1593 622 1678 frg.
644 1615 677 1658 u.
699 1616 732 1680 p.
749 1602 799 1664 75.
822 1631 864 1644 -
891 1592 973 1660 ibid.
996 1593 1046 1658 X:
1075 1597 1204 1676 ‘portalis
1230 1599 1342 1662 ardeu-

223 1701 308 1760 tiuut’
331 1695 460 1782 poetica
487 1695 679 1782 metaphora
706 1692 746 1760 de
775 1695 822 1760 eis
850 1693 969 1761 dieitur
996 1695 1053 1782 qui
1081 1703 1158 1762 sunt
1184 1693 1262 1762 uino
1292 1717 1341 1762 ar-

224 1796 357 1879 dentes3
391 1795 517 1863 aceedit
544 1796 719 1862 uerborum
749 1803 826 1876 ‘quis
851 1803 980 1878 popiuo’
1009 1795 1179 1864 oollooatio
1209 1795 1249 1862 de
1277 1817 1343 1884 qua

222 1921 256 1986 p.
273 1907 312 1970 73
335 1919 441 1984 agam.
464 1935 504 1946 —
527 1897 608 1965 ibid.
631 1898 697 1964 XI:
724 1904 837 1964 ‘buccis
851 1902 964 1965 Liberi'
985 1921 1045 1985 pro
1067 1899 1154 1964 uuis.
1177 1937 1219 1948 —
1240 1897 1342 1985 Myst.

223 2000 292 2066 III:
317 2008 451 2066 ‘errans’
481 2021 761 2087 superuacaneum
789 1999 919 2066 omnino
948 2009 1009 2066 est.
1036 2037 1079 2048 -
1095 1990 1167 2064 ”Oua
1191 1992 1264 2084 udo.
1287 1999 1339 2067 II:

224 2109 425 2168 ‘cantantium
447 2107 549 2182 pullus
572 2108 791 2186 polluamur:
822 2099 935 2168 audax
961 2099 1070 2166 hercle
1097 2109 1130 2166 ot
1162 2099 1342 2169 artificiosa

222 2202 354 2270 dicendi
380 2203 481 2284 ratio,
515 2225 581 2289 qua
608 2203 815 2288 significatur
841 2204 870 2268 is
900 2203 957 2290 qui
984 2201 1028 2268 ad
1054 2202 1253 2269 osntandum
1281 2203 1341 2268 eri-

221 2305 272 2391 git
293 2313 327 2371 et
354 2303 548 2371 instimulat.
572 2341 611 2352 -
633 2304 715 2370 ibid.
739 2304 802 2370 IV:
831 2298 1032 2388 praesepibus
1056 2307 1242 2382 forensibus’
1265 2303 1288 2370 i.
1312 2327 1340 2371 e.

221 2406 309 2488 soro,
332 2405 391 2473 ubi
412 2407 552 2494 pecunia
573 2406 791 2494 conquiritur:
822 2404 920 2472 diotio
948 2427 1013 2471 non
1035 2405 1143 2472 minus
1166 2403 1341 2490 singularis

222 2518 256 2576 et
284 2507 462 2574 artificiosa
489 2529 588 2595 quam
616 2507 657 2572 de
684 2529 749 2595 qua
776 2507 872 2574 modo
901 2506 982 2573 dixi.
1009 2545 1044 2556 —
1069 2505 1151 2573 ibid.
1173 2505 1277 2572 XIII:
1309 2515 1342 2572 ot

223 2614 326 2676 ‘titiis'
352 2619 388 2677 et
415 2615 588 2690 ‘flectendo’
617 2610 712 2675 iuxta
743 2609 867 2696 positu,
903 2631 1042 2697 quarum
1072 2607 1211 2676 alterum
1239 2607 1340 2676 altero

222 2709 338 2780 inutile
361 2710 410 2794 fit,
434 2719 467 2776 et
488 2711 634 2794 ubertas,
657 2733 741 2799 quae
764 2713 867 2778 estin
889 2714 1086 2778 ‘commutare
1107 2721 1233 2786 mentes,
1262 2717 1344 2792 eripi

222 2819 338 2880 unimus
359 2821 473 2880 eorum’
496 2813 588 2900 poesi
603 2813 799 2880 sententiam
813 2812 971 2880 uindicat.
992 2849 1026 2862 -
1044 2812 1126 2881 ibid.
1141 2813 1224 2878 XV:
1248 2818 1339 2880 ‘moe-

221 2921 316 2980 reuus
337 2921 478 2996 quietus.
498 2919 724 2998 .protuuuur’;
753 2923 904 2982 tortuosa
930 2913 1084 3002 loquendi
1105 2916 1190 2982 ratio
1219 2938 1279 3003 pro
1303 2936 1340 2980 eo

221 3015 310 3104 quod
331 3025 383 3082 est
404 3016 575 3082 ‘maerenti
597 3016 726 3104 quietus
750 3023 860 3104 aptus'
882 3015 1048 3104 poeticum
1061 3015 1181 3082 reddit.
1199 3053 1234 3065 -
1259 3016 1341 3083 ibid.

222 3115 322 3182 XVI:
347 3123 392 3184 ‘lu
414 3125 540 3198 uuluum
567 3122 689 3198 uulous’
718 3117 853 3186 ubertas
881 3127 994 3206 aperte
1021 3119 1166 3205 poetica:
1195 3118 1236 3183 de
1263 3117 1295 3184 h.
1318 3116 1340 3183 l.

221 3241 254 3284 u.
276 3241 309 3306 p.
327 3227 377 3292 78.
403 3257 437 3268 -
462 3218 545 3301 ibid.
569 3219 652 3284 XX:
682 3219 717 3286 in
744 3225 917 3286 ‘uenabulo’
946 3228 979 3285 et
1006 3226 1162 3286 ‘uerrutis’
1191 3241 1340 3285 numero·

220 3343 296 3386 rum
328 3319 433 3388 libera
466 3318 669 3414 disparilitas
703 3320 799 3388 simul
826 3343 901 3386 oum
928 3319 1173 3387 abundantibus
1201 3319 1267 3384 illis
1296 3326 1340 3386 ‘iu

219 3427 379 3489 montibus’
404 3445 423 3488 a
445 3442 543 3510 prosa
565 3431 615 3489 est
637 3421 789 3490 alienum.
805 3463 847 3474 —
861 3419 943 3489 ibid.
959 3421 1063 3488 XXI:
1095 3425 1247 3503 ‘dispares
1261 3427 1339 3487 uui?

219 3545 280 3610 pro
305 3521 466 3610 ‘dispares
490 3531 579 3591 sunt’
608 3547 629 3591 a
651 3522 860 3611 simplicitate
888 3520 1033 3610 pedestri
1061 3521 1270 3589 Varroniano
1292 3545 1340 3587 re·

220 3623 317 3692 oedit.
339 3661 382 3676 -
403 3623 497 3692 Idem
518 3625 608 3694 eadit
639 3626 673 3692 in
698 3625 837 3713 Papiap.
860 3624 909 3690 II:
945 3629 1089 3690 ‘uallatur
1115 3629 1218 3690 mobili
1236 3633 1341 3706 saepto

220 3730 343 3792 taeuu’.
366 3763 408 3774 -
431 3725 770 3815 sicetPupiap.1v.
792 3725 895 3792 multo
918 3724 1124 3792 artificiosius
1148 3747 1340 3814 expressum

220 3837 273 3896 est
295 3849 394 3915 quam
415 3827 505 3914 quod
533 3827 576 3894 ad
605 3849 737 3916 prosam
763 3827 942 3912 referatur:
972 3832 1099 3894 ‘lucullo
1126 3834 1340 3908 -impressu

220 3933 341 3996 Amore
368 3934 508 4010 dipitulo’
539 3953 620 4018 sqq„
648 3930 736 4018 quod
763 3930 862 3997 etiam
890 3927 1065 3996 dicendum
1098 3937 1149 3996 ost
1178 3927 1219 3992 de
1250 3929 1339 3991 ‘Atti-

219 4051 328 4098 uuruuu
350 4036 511 4098 Musarum
532 4039 708 4113 scriptores’
730 4031 811 4098 ibid.
827 4030 889 4098 XI.
913 4067 956 4079 -
977 4049 1012 4093 rr.
1028 4027 1094 4112 uio.
1117 4028 1167 4094 II:
1193 4037 1339 4110 ‘corpora

220 4154 259 4200 uo
278 4136 393 4210 fumun
416 4139 543 4198 uemris’
566 4155 625 4220 pro
648 4131 806 4220 ‘eorporis
829 4131 961 4198 famem’
989 4130 1187 4196 constructio
1211 4138 1261 4195 est
1282 4129 1340 4194 mi·

220 4255 278 4300 rae
311 4231 474 4300 libertatis
508 4235 656 4321 poeticae
689 4232 795 4321 plena.
818 4271 858 4280 -
886 4233 995 4328 Prom.
1019 4229 1076 4298 lib.
1099 4228 1149 4296 11:
1180 4236 1224 4296 ‘in
1251 4253 1338 4311 quer-
1446 4237 1453 4254 ⁸

220 4341 323 4414 queuo’
346 4333 478 4422 copiose
492 4334 658 4418 abundat.
684 4373 722 4384 -
745 4333 825 4402 ibid.
847 4334 915 4402 VI:
944 4337 1110 4400 ‘humanae
1129 4342 1247 4413 pentem
1268 4339 1338 4400 stir-
