3294 5306
354 436 415 502 176
729 441 762 503 Μ.
778 444 917 502 reruni!
932 443 1095 503 VARRONIS

351 607 515 673 rebusad
542 629 744 673 communem
770 607 859 673 uitae
889 631 984 673 usum
1014 607 1253 694 pertinentibus
1273 605 1472 674 ‘confabule-

351 731 434 791 mur,
458 709 498 774 de
521 711 640 796 quibus
662 711 698 773 in
724 708 796 775 foro
825 719 921 795 atque
949 702 983 772 in
1012 709 1151 794 negotiis
1181 707 1301 793 agendi
1326 731 1392 775 non
1420 719 1472 774 est

352 810 465 874 otium.
495 811 673 875 Dominum
689 817 821 893 autem’,
844 810 961 896 inquit,
984 809 1140 875 ‘conuiuii
1161 831 1234 873 esse
1247 803 1384 896 'oportet
1405 833 1471 875 non

351 922 418 976 tam
439 909 579 993 lautum,
608 933 705 997 quam
733 912 803 975 sine
832 911 1004 993 sordibus,
1033 922 1066 976 et
1088 911 1123 974 in
1144 910 1296 977 conuiuio
1318 911 1384 996 legi
1403 933 1472 976 nen

321 1013 461 1083 bomnia
484 1013 615 1094 debent,
639 1012 697 1076 sed
720 1035 758 1076 ea
779 1013 996 1098 potissimum,
1019 1035 1103 1098 quae
1125 1010 1221 1076 simul
1236 1013 1301 1077 sint
1320 1000 1473 1096 βιωφελή

352 1123 385 1177 et
408 1113 593 1179 delectent)
640 1123 670 1184 6.
693 1115 806 1201 Neque
832 1135 898 1177 non
926 1113 966 1178 de
995 1113 1147 1178 secundis
1182 1135 1311 1200 quoque
1337 1112 1469 1195 mensis,

352 1215 537 1281 cuiusmodi
564 1238 636 1281 esse
667 1238 722 1280 eas
746 1225 911 1302 oporteat,
940 1215 1111 1301 praecipit.
1155 1214 1217 1279 His
1245 1215 1332 1279 enim
1358 1215 1470 1280 uerbis

306 1349 308 1354 ·
351 1316 469 1380 utitur:
494 1315 673 1400 ‘Bellaria'‚
695 1317 813 1403 inquit,
837 1323 886 1381 ‘ea
901 1316 1042 1380 maxime
1055 1325 1131 1380 sunt
1145 1314 1280 1398 mellita,
1297 1338 1380 1403 quae
1394 1314 1470 1380 mel·

350 1415 410 1481 lita
431 1440 498 1483 non
521 1428 611 1502 sunt3
634 1417 802 1502 πέμμασιν
824 1419 909 1482 enim
931 1441 1005 1482 cum
1027 1415 1125 1494 πέψει
1141 1416 1280 1482 societas
1295 1416 1470 1482 infida?—

302 1531 341 1592 10
353 1531 383 1590 7.
399 1518 498 1599 Quod
511 1519 618 1584 Varro
638 1521 672 1583 in
687 1519 759 1585 loco
774 1519 835 1584 hoc
850 1518 935 1583 dixit
949 1517 1096 1601 bellaria,
1112 1540 1154 1582 ne
1169 1519 1241 1605 quis
1257 1518 1346 1584 forte
1358 1519 1393 1583 in
1406 1520 1471 1583 ista

351 1641 433 1684 uoce
447 1619 593 1702 haereat,
610 1621 772 1707 significat
785 1621 821 1685 id
836 1619 1034 1687 uocabulum
1049 1642 1143 1686 omne
1159 1643 1290 1686 mensae
1306 1619 1470 1686 secundae

351 1743 465 1806 genus.
514 1721 601 1786 Nam
630 1745 714 1808 quae
742 1720 894 1805 πέμματα
921 1722 1041 1787 Graeci
1069 1731 1125 1787 aut
1152 1721 1347 1805 τραγήματα
1379 1721 1470 1786 dixe-

307 1811 309 1816 ’
351 1831 446 1906 runt,
475 1845 515 1887 ea
535 1834 663 1889 ueteres
691 1824 797 1890 nostri
823 1822 959 1889 bellaria
981 1822 1240 1910 appellauerunt.
1284 1824 1371 1888 Vina
1392 1844 1471 1910 quo-

352 1946 414 2010 que
443 1923 591 1990 dulciora
618 1936 669 1990 est
696 1927 843 1990 inuenire
868 1925 904 1989 in
930 1927 1108 1992 comoediis
1141 1925 1382 2012 antiquioribus
1408 1925 1472 1990 hoc

302 2025 483 2100 15nomine
506 2025 671 2113 appellata
693 2027 846 2114 dictaque
869 2050 940 2093 esse
962 2051 1002 2093 ea
1022 2028 1137 2094 Liberi
1158 2026 1318 2093 bellaria?

429 2296 558 2363 Gellius
573 2299 591 2364 I
606 2305 657 2381 22,
674 2309 694 2367 4
709 2322 758 2386 sq.
774 2298 832 2386 (of.
848 2322 949 2385 supra
963 2322 996 2385 p.
1013 2307 1085 2381 176,
1098 2301 1132 2388 4)
1155 2300 1289 2386 ‘Itaque
1303 2299 1349 2363 M.
1361 2297 1470 2363 Varro

351 2400 386 2464 in
401 2401 503 2465 satira
518 2423 601 2488 quae
616 2401 775 2487 inscripta
790 2410 840 2465 est
855 2400 988 2466 ‘Nescis
1004 2401 1084 2488 qnid
1098 2422 1217 2487 uesper
1231 2400 1341 2465 uehat’
1358 2422 1471 2486 super-

351 2503 455 2567 fuisse
477 2502 556 2567 dicit
578 2502 751 2568 immodice
774 2511 807 2566 et
831 2503 1060 2589 intempestiue
1087 2502 1200 2567 fuisse.
1241 2514 1271 2571 5.
1294 2502 1406 2568 Verba
1428 2523 1472 2566 ex

353 2626 391 2668 eo
414 2602 499 2670 libro
522 2604 603 2668 haec
625 2614 714 2668 sunt:
747 2603 800 2669 ‘In
821 2603 974 2670 conuiuio
996 2603 1061 2689 legi
1084 2627 1144 2669 nec
1166 2604 1274 2670 omnia
1295 2603 1416 2669 debent
1438 2613 1472 2668 et

352 2776 444 2826 omnia
463 2775 681 2826 commodissime
700 2776 860 2842 peragenda
878 2792 953 2828 esse:
972 2792 1056 2828 cenas
1075 2782 1103 2827 et
1120 2782 1151 2826 ut
1164 2781 1230 2842 puto
1247 2777 1305 2827 elia
1324 2778 1416 2839 etism,
1435 2775 1470 2826 de

352 2845 451 2908 quibus
474 2843 643 2894 disseruerit.
683 2845 726 2895 De
749 2845 893 2910 prouerbio
917 2846 953 2895 cf.
977 2846 1074 2895 Liuius
1093 2840 1171 2894 XLV
1189 2847 1258 2912 8,-6
1285 2845 1393 2894 ‘Decet
1417 2859 1470 2894 nec

351 2911 494 2976 praesenti
512 2913 624 2960 credere
644 2912 782 2975 fortunae,
803 2927 864 2962 oum
883 2913 948 2978 quid
966 2927 1066 2978 uesper
1085 2914 1158 2964 feret
1175 2913 1310 2963 incertum
1327 2915 1384 2965 sit!
1402 2913 1470 2962 Ver-

353 2979 400 3043 gil.
421 2979 520 3044 Georg.
539 2980 552 3028 Ι
570 2981 619 3028 461
639 2981 777 3044 ‘Denique
797 2981 862 3044 quid
879 2996 979 3046 uesper
997 2996 1074 3031 serus
1091 2981 1192 3032 uehat’
1210 2996 1270 3045 sqq.
1288 3007 1323 3016 -
1339 2979 1470 3030 Merckli-

352 3062 403 3096 nus
421 3044 486 3109 περὶ
510 3039 673 3112 ἐδεσμάτων
696 3047 813 3097 eandem
836 3054 956 3098 saturam
981 3064 1041 3098 esse
1064 3049 1149 3107 dixit,
1174 3049 1222 3098 sed
1239 3064 1265 3097 u.
1284 3047 1363 3114 proli.
1382 3063 1407 3112 p.
1426 3050 1469 3097 4⁷.

351 3115 477 3164 Lexicon
496 3115 569 3180 apud
586 3115 690 3164 Maium
708 3115 815 3179 scripit.
836 3115 917 3165 class.
936 3132 1000 3167 nou.
1020 3115 1082 3170 coll.
1101 3116 1167 3166 VIII
1185 3132 1211 3181 p.
1225 3118 1257 3166 62
1276 3118 1366 3166 ‘Hinc
1386 3117 1470 3165 etiam

292 3233 297 3243 ,
351 3183 438 3232 Varro
458 3183 511 3232 ait:
530 3181 647 3233 bellaria
665 3199 699 3233 ea
717 3184 835 3233 maxime
854 3188 918 3234 sunt
935 3184 1052 3250 mellita,
1072 3200 1143 3249 quae
1161 3183 1268 3235 mellite
1286 3200 1341 3235 non
1361 3188 1446 3234 sunt)

351 3389 414 3444 sup.
436 3375 484 3429 lin.
506 3375 572 3430 add.
603 3371 681 3431 Voss.
703 3367 800 3454 αἰαΗ
855 3378 942 3432 lusu
971 3375 1048 3432 Voss.
1069 3379 1135 3431 moi.
1170 3374 1368 3449 pertinentibus
1389 3393 1470 3431 usum

354 3459 467 3514 Ταααα.
496 3450 511 3538 Η
539 3459 744 3516 corriebuIemus
773 3451 877 3539 idemss
944 3464 1063 3534 2etque
1083 3463 1202 3534 negotiis
1222 3461 1323 3516 Petou.
1338 3452 1352 3539 Η
1372 3460 1470 3534 egendi

352 3543 422 3616 Rep.
446 3543 525 3600 Voss.
545 3547 611 3600 moi.
654 3545 766 3618 agendis
790 3547 902 3601 ΤΙιααα.
942 3547 1056 3620 agendis
1074 3545 1151 3634 loqui
1179 3545 1255 3602 Voss.
1276 3546 1344 3600 mio.
1367 3545 1469 3600 Petau.

352 3679 502 3751 Sanperm.
517 3670 533 3758 Η
581 3683 597 3734 3
617 3681 753 3736 conuiuiis
777 3681 854 3737 Voss.
875 3683 940 3737 mai.
956 3673 972 3760 Η
986 3675 1061 3757 esse]
1078 3645 1173 3747 ,acirim
1204 3681 1281 3738 Voss.
1304 3683 1369 3736 mai.
1385 3672 1400 3760 Η
1414 3698 1470 3737 non

352 3775 415 3838 orire
431 3780 485 3855 legi
503 3781 614 3836 Thoan.
629 3772 643 3860 Η
693 3786 709 3835 5
732 3783 812 3838 simui
828 3799 882 3840 om.
901 3783 1011 3838 ΤΙιααα.
1027 3774 1041 3862 Η
1057 3761 1114 3838 sini
1128 3760 1204 3839 iiiia
1219 3792 1247 3839 et
1261 3783 1313 3839 dei.
1333 3783 1444 3839 Thoan.
1454 3776 1468 3858 Η

350 3869 367 3919 6
389 3882 440 3922 nec
455 3866 526 3939 Rey.
542 3857 557 3945 Η
571 3866 604 3922 de
620 3882 673 3920 om.
696 3866 758 3922 Per.
774 3858 788 3946 Η
803 3885 914 3942 qnoque
929 3885 984 3923 om.
999 3868 1062 3923 Pet.
1077 3860 1091 3946 Η
1141 3873 1156 3921 7
1178 3885 1224 3924 ees
1246 3885 1307 3924 esse
1329 3869 1390 3924 Pet.
1412 3868 1470 3942 etas

352 3950 420 4023 Rep.
466 3968 512 4008 eas
535 3967 588 4006 om.
618 3950 728 4006 Thoan.
750 3943 763 4030 Η
784 3955 900 4027 precipit
926 3953 1038 4008 Theon.
1056 3946 1069 4033 Η
1089 3953 1131 4008 his
1158 3955 1230 4010 enim
1251 3952 1388 4010 -iniide
1414 3969 1470 4027 ιαμ.
1516 3951 1518 3954 ’

354 4036 467 4093 Thoan.
484 4027 499 4115 Η
535 4034 665 4092 Shellite
682 4035 784 4112 ilRep.
815 4037 975 4111 hellitaque
998 4037 1159 4096 Vosemoi.
1178 4032 1190 4116 Η
1234 4041 1327 4094 9non
1347 4047 1411 4094 sunt
1427 4037 1471 4094 GR

351 4121 469 4176 societas
484 4121 555 4192 Ray.
586 4117 904 4178 ΕΝΙΜΩΜΠΕΙΕΙ
926 4123 1005 4178 Voss.
1024 4126 1090 4178 mai.
1109 4115 1121 4200 Η
1168 4126 1201 4176 10
1222 4123 1289 4178 dixit
1309 4117 1391 4201 μαψ
1407 4123 1470 4178 ioco

351 4205 412 4260 Pet.
430 4197 442 4283 Η
461 4205 576 4261 belieie·
593 4213 655 4260 ente
671 4207 732 4278 quis
747 4206 818 4278 Rep.
834 4225 872 4262 m.
885 4223 935 4277 pr.
959 4207 1035 4263 Voss.
1051 4211 1118 4262 moi.
1135 4201 1147 4285 Η
1194 4212 1225 4260 12
1246 4205 1318 4280 ndq;
1347 4208 1397 4264 GR.
1424 4205 1471 4283 gie

352 4288 477 4345 dixerunt
503 4289 573 4362 aeq.
618 4291 704 4362 gretia
731 4300 759 4346 et
791 4291 870 4348 Voss.
891 4293 957 4346 moi.
976 4285 989 4369 Η
1036 4295 1067 4344 lo
1090 4308 1120 4348 ee
1144 4292 1233 4347 Liberi
1259 4310 1313 4350 om.
1336 4283 1457 4367 Pataui

355 4375 385 4425 17
401 4361 492 4449 §styra
514 4373 654 4444 Vaeliep.
665 4368 678 4453 Η
696 4392 774 4431 serus
789 4393 842 4432 om.
855 4368 942 4455 ΙὶὺνίΗ
952 4377 1051 4432 ueheot
1070 4377 1141 4432 Roit.
1155 4371 1168 4454 Η
1194 4381 1225 4432 18
1241 4378 1355 4434 Imodice
1378 4377 1459 4456 Vati
