<?xml version="1.0" encoding="UTF-8"?>
<!DOCTYPE html PUBLIC "-//W3C//DTD XHTML 1.0 Transitional//EN"
    "http://www.w3.org/TR/xhtml1/DTD/xhtml1-transitional.dtd">
<html xmlns="http://www.w3.org/1999/xhtml" xml:lang="en" lang="en">
 <head>
  <title>
</title>
<meta http-equiv="Content-Type" content="text/html;charset=utf-8" />
  <meta name='ocr-system' content='tesseract 3.04.00' />
  <meta name='ocr-capabilities' content='ocr_page ocr_carea ocr_par ocr_line ocrx_word'/>
</head>
<body>
  <div class='ocr_page' id='page_1' title='image "./mterentivarroni00riesgoog/mterentivarroni00riesgoog_0042.png"; bbox 0 0 3274 5296; ppageno 0'>
   <div class='ocr_carea' id='block_1_1' title="bbox 647 475 1291 540">
    <p class='ocr_par' dir='ltr' id='par_1_1' title="bbox 647 475 1291 540">
     <span class='ocr_line' id='line_1_1' title="bbox 647 475 1291 540; baseline -0.003 -8"><span class='ocrx_word' id='word_1_1' title='bbox 647 475 764 534; x_wconf 77' lang='lat' dir='ltr'>CAPVI&#39;</span> <span class='ocrx_word' id='word_1_2' title='bbox 794 475 805 531; x_wconf 97' lang='lat' dir='ltr'><strong>l</strong></span> <span class='ocrx_word' id='word_1_3' title='bbox 1250 475 1291 540; x_wconf 81' lang='lat'><strong>21</strong></span> 
     </span>
    </p>
   </div>
   <div class='ocr_carea' id='block_1_2' title="bbox 73 625 1292 2560">
    <p class='ocr_par' dir='ltr' id='par_1_2' title="bbox 131 625 1292 2255">
     <span class='ocr_line' id='line_1_2' title="bbox 170 625 1292 726; baseline 0.005 -21"><span class='ocrx_word' id='word_1_4' title='bbox 170 641 235 706; x_wconf 92' lang='lat' dir='ltr'><strong>imo</strong></span> <span class='ocrx_word' id='word_1_5' title='bbox 259 639 336 706; x_wconf 90' lang='lat' dir='ltr'><strong>licet</strong></span> <span class='ocrx_word' id='word_1_6' title='bbox 359 639 497 706; x_wconf 78' lang='lat' dir='ltr'><strong>stoicam</strong></span> <span class='ocrx_word' id='word_1_7' title='bbox 525 625 733 726; x_wconf 87' lang='lat' dir='ltr'><strong>disciplinam</strong></span> <span class='ocrx_word' id='word_1_8' title='bbox 763 637 845 704; x_wconf 92' lang='lat' dir='ltr'><strong>duce</strong></span> <span class='ocrx_word' id='word_1_9' title='bbox 866 640 989 706; x_wconf 89' lang='lat' dir='ltr'><strong>uirtute</strong></span> <span class='ocrx_word' id='word_1_10' title='bbox 1016 641 1180 708; x_wconf 89' lang='lat' dir='ltr'><strong>conditam</strong></span> <span class='ocrx_word' id='word_1_11' title='bbox 1203 643 1292 711; x_wconf 91' lang='lat' dir='ltr'><strong>dicat</strong></span> 
     </span>
     <span class='ocr_line' id='line_1_3' title="bbox 171 740 1291 828; baseline 0.004 -20"><span class='ocrx_word' id='word_1_12' title='bbox 171 754 204 809; x_wconf 90' lang='lat' dir='ltr'><strong>et</strong></span> <span class='ocrx_word' id='word_1_13' title='bbox 233 741 376 809; x_wconf 89' lang='lat' dir='ltr'><strong>nobilem</strong></span> <span class='ocrx_word' id='word_1_14' title='bbox 408 741 516 828; x_wconf 84' lang='lat' dir='ltr'><strong>(Sesq.</strong></span> <span class='ocrx_word' id='word_1_15' title='bbox 546 740 698 824; x_wconf 84' lang='lat' dir='ltr'>XXIV),</span> <span class='ocrx_word' id='word_1_16' title='bbox 732 742 767 805; x_wconf 94' lang='lat' dir='ltr'><strong>in</strong></span> <span class='ocrx_word' id='word_1_17' title='bbox 800 741 945 808; x_wconf 87' lang='lat' dir='ltr'><strong>eiusdem</strong></span> <span class='ocrx_word' id='word_1_18' title='bbox 974 752 1084 810; x_wconf 88' lang='lat' dir='ltr'><strong>tamen</strong></span> <span class='ocrx_word' id='word_1_19' title='bbox 1112 755 1291 812; x_wconf 77' lang='lat' dir='ltr'><strong>sectatores</strong></span> 
     </span>
     <span class='ocr_line' id='line_1_4' title="bbox 171 841 1292 931; baseline 0.006 -24"><span class='ocrx_word' id='word_1_20' title='bbox 171 845 260 910; x_wconf 90' lang='lat' dir='ltr'><strong>iocos</strong></span> <span class='ocrx_word' id='word_1_21' title='bbox 284 843 411 931; x_wconf 82' lang='lat' dir='ltr'><strong>profert</strong></span> <span class='ocrx_word' id='word_1_22' title='bbox 432 842 521 907; x_wconf 91' lang='lat' dir='ltr'><strong>haud</strong></span> <span class='ocrx_word' id='word_1_23' title='bbox 543 841 640 908; x_wconf 88' lang='lat' dir='ltr'><strong>nimis</strong></span> <span class='ocrx_word' id='word_1_24' title='bbox 663 842 862 909; x_wconf 86' lang='lat' dir='ltr'><strong>laudatorios</strong></span> <span class='ocrx_word' id='word_1_25' title='bbox 887 845 1014 930; x_wconf 89' lang='lat' dir='ltr'><strong>(Longe</strong></span> <span class='ocrx_word' id='word_1_26' title='bbox 1034 846 1122 930; x_wconf 86' lang='lat' dir='ltr'><strong>fugit</strong></span> <span class='ocrx_word' id='word_1_27' title='bbox 1137 846 1182 912; x_wconf 93' lang='lat' dir='ltr'><strong>II.</strong></span> <span class='ocrx_word' id='word_1_28' title='bbox 1205 847 1292 914; x_wconf 86' lang='lat' dir='ltr'><strong>Mar-</strong></span> 
     </span>
     <span class='ocr_line' id='line_1_5' title="bbox 170 944 1291 1036; baseline 0.004 -24"><span class='ocrx_word' id='word_1_29' title='bbox 170 945 277 1034; x_wconf 91' lang='lat' dir='ltr'><strong>oopol.</strong></span> <span class='ocrx_word' id='word_1_30' title='bbox 303 947 333 1034; x_wconf 89' lang='lat'><strong>1)</strong></span> <span class='ocrx_word' id='word_1_31' title='bbox 357 944 494 1032; x_wconf 90' lang='lat' dir='ltr'><strong>parique</strong></span> <span class='ocrx_word' id='word_1_32' title='bbox 517 953 610 1010; x_wconf 87' lang='lat' dir='ltr'><strong>aceto</strong></span> <span class='ocrx_word' id='word_1_33' title='bbox 633 944 850 1012; x_wconf 75' lang='lat' dir='ltr'><strong>Academicos</strong></span> <span class='ocrx_word' id='word_1_34' title='bbox 875 946 978 1034; x_wconf 87' lang='lat' dir='ltr'><strong>(Sesq.</strong></span> <span class='ocrx_word' id='word_1_35' title='bbox 994 947 1103 1032; x_wconf 91' lang='lat' dir='ltr'><strong>ibid.),</strong></span> <span class='ocrx_word' id='word_1_36' title='bbox 1127 949 1291 1036; x_wconf 82' lang='lat' dir='ltr'><strong>Pythago·</strong></span> 
     </span>
     <span class='ocr_line' id='line_1_6' title="bbox 131 1045 1290 1136; baseline 0.003 -22"><span class='ocrx_word' id='word_1_37' title='bbox 131 1081 139 1094; x_wconf 92' lang='lat'><strong>·</strong></span> <span class='ocrx_word' id='word_1_38' title='bbox 170 1069 242 1114; x_wconf 90' lang='lat' dir='ltr'><strong>reos</strong></span> <span class='ocrx_word' id='word_1_39' title='bbox 261 1045 415 1134; x_wconf 81' lang='lat' dir='ltr'><strong>(Eumen.</strong></span> <span class='ocrx_word' id='word_1_40' title='bbox 433 1045 579 1134; x_wconf 90' lang='lat' dir='ltr'>XVIH),</span> <span class='ocrx_word' id='word_1_41' title='bbox 602 1045 745 1116; x_wconf 85' lang='lat' dir='ltr'><strong>fortasse</strong></span> <span class='ocrx_word' id='word_1_42' title='bbox 768 1047 866 1113; x_wconf 86' lang='lat' dir='ltr'><strong>etiam</strong></span> <span class='ocrx_word' id='word_1_43' title='bbox 886 1047 1120 1136; x_wconf 81' lang='lat' dir='ltr'><strong>Empedoclem</strong></span> <span class='ocrx_word' id='word_1_44' title='bbox 1138 1049 1290 1135; x_wconf 86' lang='lat' dir='ltr'><strong>(Eumen.</strong></span> 
     </span>
     <span class='ocr_line' id='line_1_7' title="bbox 170 1146 1289 1240; baseline 0.004 -26"><span class='ocrx_word' id='word_1_45' title='bbox 170 1149 270 1235; x_wconf 88' lang='lat' dir='ltr'>XIV)</span> <span class='ocrx_word' id='word_1_46' title='bbox 286 1147 474 1236; x_wconf 87' lang='lat' dir='ltr'><strong>perfundit;</strong></span> <span class='ocrx_word' id='word_1_47' title='bbox 496 1147 601 1214; x_wconf 89' lang='lat' dir='ltr'><strong>itaut</strong></span> <span class='ocrx_word' id='word_1_48' title='bbox 623 1169 682 1214; x_wconf 89' lang='lat' dir='ltr'><strong>suo</strong></span> <span class='ocrx_word' id='word_1_49' title='bbox 705 1146 775 1214; x_wconf 89' lang='lat' dir='ltr'><strong>iure</strong></span> <span class='ocrx_word' id='word_1_50' title='bbox 797 1158 924 1215; x_wconf 88' lang='lat' dir='ltr'><strong>etcum</strong></span> <span class='ocrx_word' id='word_1_51' title='bbox 946 1150 1081 1240; x_wconf 89' lang='lat' dir='ltr'><strong>reliquis</strong></span> <span class='ocrx_word' id='word_1_52' title='bbox 1097 1151 1289 1238; x_wconf 84' lang='lat' dir='ltr'><strong>fragmentis</strong></span> 
     </span>
     <span class='ocr_line' id='line_1_8' title="bbox 170 1248 1289 1337; baseline 0.003 -19"><span class='ocrx_word' id='word_1_53' title='bbox 170 1249 378 1318; x_wconf 80' lang='lat' dir='ltr'><strong>concinentia</strong></span> <span class='ocrx_word' id='word_1_54' title='bbox 399 1248 481 1315; x_wconf 88' lang='lat' dir='ltr'><strong>haec</strong></span> <span class='ocrx_word' id='word_1_55' title='bbox 510 1249 693 1337; x_wconf 87' lang='lat' dir='ltr'><strong>scripserit:</strong></span> <span class='ocrx_word' id='word_1_56' title='bbox 729 1255 892 1332; x_wconf 74' lang='lat' dir='ltr'><strong>‘postremo</strong></span> <span class='ocrx_word' id='word_1_57' title='bbox 924 1274 1009 1318; x_wconf 84' lang='lat' dir='ltr'><strong>nemo</strong></span> <span class='ocrx_word' id='word_1_58' title='bbox 1037 1265 1181 1334; x_wconf 64' lang='lat' dir='ltr'><strong>aceretae</strong></span> <span class='ocrx_word' id='word_1_59' title='bbox 1208 1262 1289 1335; x_wconf 81' lang='lat' dir='ltr'><strong>quic·</strong></span> 
     </span>
     <span class='ocr_line' id='line_1_9' title="bbox 169 1354 1289 1437; baseline 0.002 -17"><span class='ocrx_word' id='word_1_60' title='bbox 169 1375 260 1436; x_wconf 82' lang='lat' dir='ltr'><strong>quem</strong></span> <span class='ocrx_word' id='word_1_61' title='bbox 281 1359 412 1418; x_wconf 81' lang='lat' dir='ltr'><strong>somniet</strong></span> <span class='ocrx_word' id='word_1_62' title='bbox 436 1356 510 1416; x_wconf 85' lang='lat' dir='ltr'><strong>Tam</strong></span> <span class='ocrx_word' id='word_1_63' title='bbox 533 1354 712 1432; x_wconf 79' lang='lat' dir='ltr'><strong>infandam,</strong></span> <span class='ocrx_word' id='word_1_64' title='bbox 737 1359 819 1433; x_wconf 77' lang='lat' dir='ltr'><strong>quod</strong></span> <span class='ocrx_word' id='word_1_65' title='bbox 840 1373 900 1419; x_wconf 83' lang='lat' dir='ltr'><strong>non</strong></span> <span class='ocrx_word' id='word_1_66' title='bbox 922 1361 1034 1434; x_wconf 76' lang='lat' dir='ltr'><strong>aliqua</strong></span> <span class='ocrx_word' id='word_1_67' title='bbox 1056 1361 1140 1422; x_wconf 76' lang='lat' dir='ltr'><strong>dicat</strong></span> <span class='ocrx_word' id='word_1_68' title='bbox 1159 1362 1289 1437; x_wconf 75' lang='lat' dir='ltr'><strong>phileae</strong></span> 
     </span>
     <span class='ocr_line' id='line_1_10' title="bbox 167 1453 1286 1544; baseline 0.003 -23"><span class='ocrx_word' id='word_1_69' title='bbox 167 1462 270 1537; x_wconf 63' lang='lat' dir='ltr'><strong>phars?</strong></span> <span class='ocrx_word' id='word_1_70' title='bbox 301 1453 453 1540; x_wconf 72' lang='lat' dir='ltr'><strong>(Idumen.</strong></span> <span class='ocrx_word' id='word_1_71' title='bbox 477 1453 568 1540; x_wconf 91' lang='lat' dir='ltr'>XV).</span> <span class='ocrx_word' id='word_1_72' title='bbox 613 1453 763 1536; x_wconf 80' lang='lat' dir='ltr'><strong>Quocum</strong></span> <span class='ocrx_word' id='word_1_73' title='bbox 791 1476 855 1519; x_wconf 88' lang='lat' dir='ltr'><strong>non</strong></span> <span class='ocrx_word' id='word_1_74' title='bbox 884 1463 1009 1542; x_wconf 85' lang='lat' dir='ltr'><strong>pugnat</strong></span> <span class='ocrx_word' id='word_1_75' title='bbox 1032 1457 1120 1544; x_wconf 90' lang='lat' dir='ltr'><strong>quod</strong></span> <span class='ocrx_word' id='word_1_76' title='bbox 1143 1481 1286 1524; x_wconf 88' lang='lat' dir='ltr'><strong>nonuun-</strong></span> 
     </span>
     <span class='ocr_line' id='line_1_11' title="bbox 168 1553 1288 1646; baseline 0.004 -25"><span class='ocrx_word' id='word_1_77' title='bbox 168 1580 267 1645; x_wconf 89' lang='lat' dir='ltr'><strong>quam</strong></span> <span class='ocrx_word' id='word_1_78' title='bbox 284 1555 391 1643; x_wconf 86' lang='lat' dir='ltr'><strong>(Sesq.</strong></span> <span class='ocrx_word' id='word_1_79' title='bbox 405 1553 486 1622; x_wconf 91' lang='lat' dir='ltr'><strong>ibid.</strong></span> <span class='ocrx_word' id='word_1_80' title='bbox 508 1575 542 1620; x_wconf 81' lang='grc' dir='ltr'><strong>π.</strong></span> <span class='ocrx_word' id='word_1_81' title='bbox 559 1554 624 1638; x_wconf 78' lang='lat' dir='ltr'><strong>alp.</strong></span> <span class='ocrx_word' id='word_1_82' title='bbox 641 1557 683 1644; x_wconf 91' lang='lat' dir='ltr'><strong>I.)</strong></span> <span class='ocrx_word' id='word_1_83' title='bbox 708 1555 749 1620; x_wconf 88' lang='lat' dir='ltr'><strong>de</strong></span> <span class='ocrx_word' id='word_1_84' title='bbox 764 1555 894 1644; x_wconf 89' lang='lat' dir='ltr'><strong>placitis</strong></span> <span class='ocrx_word' id='word_1_85' title='bbox 910 1579 1022 1624; x_wconf 91' lang='lat' dir='ltr'><strong>eorum</strong></span> <span class='ocrx_word' id='word_1_86' title='bbox 1046 1558 1209 1646; x_wconf 90' lang='lat' dir='ltr'><strong>quaedam</strong></span> <span class='ocrx_word' id='word_1_87' title='bbox 1223 1583 1288 1627; x_wconf 93' lang='lat' dir='ltr'><strong>me-</strong></span> 
     </span>
     <span class='ocr_line' id='line_1_12' title="bbox 167 1655 1290 1746; baseline 0.004 -21"><span class='ocrx_word' id='word_1_88' title='bbox 167 1680 298 1725; x_wconf 87' lang='lat' dir='ltr'><strong>morare</strong></span> <span class='ocrx_word' id='word_1_89' title='bbox 330 1679 464 1724; x_wconf 89' lang='lat' dir='ltr'><strong>necesse</strong></span> <span class='ocrx_word' id='word_1_90' title='bbox 496 1665 602 1745; x_wconf 88' lang='lat' dir='ltr'><strong>putat.</strong></span> <span class='ocrx_word' id='word_1_91' title='bbox 653 1655 719 1724; x_wconf 86' lang='lat' dir='ltr'><strong>Sed</strong></span> <span class='ocrx_word' id='word_1_92' title='bbox 751 1659 838 1724; x_wconf 91' lang='lat' dir='ltr'><strong>enim</strong></span> <span class='ocrx_word' id='word_1_93' title='bbox 870 1681 1031 1746; x_wconf 86' lang='lat' dir='ltr'><strong>quaenam</strong></span> <span class='ocrx_word' id='word_1_94' title='bbox 1064 1662 1196 1728; x_wconf 87' lang='lat' dir='ltr'><strong>tandem</strong></span> <span class='ocrx_word' id='word_1_95' title='bbox 1224 1663 1290 1729; x_wconf 84' lang='lat' dir='ltr'><strong>fuit</strong></span> 
     </span>
     <span class='ocr_line' id='line_1_13' title="bbox 167 1758 1289 1848; baseline 0.007 -24"><span class='ocrx_word' id='word_1_96' title='bbox 167 1758 376 1848; x_wconf 88' lang='lat' dir='ltr'><strong>philosophia</strong></span> <span class='ocrx_word' id='word_1_97' title='bbox 407 1758 479 1842; x_wconf 92' lang='lat' dir='ltr'><strong>illa,</strong></span> <span class='ocrx_word' id='word_1_98' title='bbox 514 1781 612 1847; x_wconf 90' lang='lat' dir='ltr'><strong>quam</strong></span> <span class='ocrx_word' id='word_1_99' title='bbox 639 1759 674 1824; x_wconf 90' lang='lat' dir='ltr'><strong>in</strong></span> <span class='ocrx_word' id='word_1_100' title='bbox 701 1759 771 1827; x_wconf 93' lang='lat' dir='ltr'><strong>loco</strong></span> <span class='ocrx_word' id='word_1_101' title='bbox 801 1782 902 1848; x_wconf 89' lang='lat' dir='ltr'><strong>supra</strong></span> <span class='ocrx_word' id='word_1_102' title='bbox 928 1760 1028 1829; x_wconf 87' lang='lat' dir='ltr'><strong>allato</strong></span> <span class='ocrx_word' id='word_1_103' title='bbox 1055 1773 1121 1830; x_wconf 88' lang='lat' dir='ltr'><strong>tam</strong></span> <span class='ocrx_word' id='word_1_104' title='bbox 1144 1762 1289 1832; x_wconf 87' lang='lat' dir='ltr'><strong>studiose</strong></span> 
     </span>
     <span class='ocr_line' id='line_1_14' title="bbox 168 1861 1287 1945; baseline 0.004 -18"><span class='ocrx_word' id='word_1_105' title='bbox 168 1861 400 1929; x_wconf 79' lang='lat' dir='ltr'><strong>commendat?</strong></span> <span class='ocrx_word' id='word_1_106' title='bbox 451 1867 557 1928; x_wconf 83' lang='lat' dir='ltr'><strong>‘Cane</strong></span> <span class='ocrx_word' id='word_1_107' title='bbox 598 1867 720 1928; x_wconf 80' lang='lat' dir='ltr'><strong>Veritas</strong></span> <span class='ocrx_word' id='word_1_108' title='bbox 749 1867 862 1929; x_wconf 72' lang='lat' dir='ltr'><strong>Atticas</strong></span> <span class='ocrx_word' id='word_1_109' title='bbox 891 1868 1109 1945; x_wconf 75' lang='lat' dir='ltr'><strong>philosophice</strong></span> <span class='ocrx_word' id='word_1_110' title='bbox 1144 1873 1287 1932; x_wconf 82' lang='lat' dir='ltr'><strong>alumna&#39;</strong></span> 
     </span>
     <span class='ocr_line' id='line_1_15' title="bbox 169 1963 1289 2056; baseline 0.004 -26"><span class='ocrx_word' id='word_1_111' title='bbox 169 1965 322 2052; x_wconf 81' lang='lat' dir='ltr'><strong>OEumen.</strong></span> <span class='ocrx_word' id='word_1_112' title='bbox 343 1963 509 2049; x_wconf 88' lang='lat' dir='ltr'>XLVIII)</span> <span class='ocrx_word' id='word_1_113' title='bbox 539 1987 612 2028; x_wconf 92' lang='lat' dir='ltr'><strong>eum</strong></span> <span class='ocrx_word' id='word_1_114' title='bbox 641 1965 683 2032; x_wconf 91' lang='lat' dir='ltr'><strong>ab</strong></span> <span class='ocrx_word' id='word_1_115' title='bbox 706 1988 744 2031; x_wconf 88' lang='lat' dir='ltr'><strong>eo</strong></span> <span class='ocrx_word' id='word_1_116' title='bbox 772 1974 921 2052; x_wconf 90' lang='lat' dir='ltr'><strong>putetur,</strong></span> <span class='ocrx_word' id='word_1_117' title='bbox 944 1988 1010 2031; x_wconf 89' lang='lat' dir='ltr'><strong>non</strong></span> <span class='ocrx_word' id='word_1_118' title='bbox 1032 1976 1083 2031; x_wconf 91' lang='lat' dir='ltr'><strong>est</strong></span> <span class='ocrx_word' id='word_1_119' title='bbox 1104 1967 1170 2034; x_wconf 89' lang='lat' dir='ltr'><strong>alia</strong></span> <span class='ocrx_word' id='word_1_120' title='bbox 1191 1991 1289 2056; x_wconf 88' lang='lat' dir='ltr'><strong>quam</strong></span> 
     </span>
     <span class='ocr_line' id='line_1_16' title="bbox 166 2065 1286 2154; baseline 0.004 -25"><span class='ocrx_word' id='word_1_121' title='bbox 166 2065 282 2133; x_wconf 89' lang='lat' dir='ltr'><strong>laudat</strong></span> <span class='ocrx_word' id='word_1_122' title='bbox 305 2076 403 2152; x_wconf 88' lang='lat' dir='ltr'><strong>atque</strong></span> <span class='ocrx_word' id='word_1_123' title='bbox 425 2065 633 2154; x_wconf 88' lang='lat' dir='ltr'><strong>philosophia</strong></span> <span class='ocrx_word' id='word_1_124' title='bbox 655 2065 831 2154; x_wconf 90' lang='lat' dir='ltr'><strong>illaquam</strong></span> <span class='ocrx_word' id='word_1_125' title='bbox 855 2066 978 2132; x_wconf 87' lang='lat' dir='ltr'><strong>ecaelo</strong></span> <span class='ocrx_word' id='word_1_126' title='bbox 995 2067 1148 2134; x_wconf 79' lang='lat' dir='ltr'><strong>Socrates·</strong></span> <span class='ocrx_word' id='word_1_127' title='bbox 1166 2069 1201 2133; x_wconf 90' lang='lat' dir='ltr'><strong>in</strong></span> <span class='ocrx_word' id='word_1_128' title='bbox 1223 2079 1286 2136; x_wconf 89' lang='lat' dir='ltr'><strong>ter-</strong></span> 
     </span>
     <span class='ocr_line' id='line_1_17' title="bbox 166 2167 1285 2255; baseline 0.002 -23"><span class='ocrx_word' id='word_1_129' title='bbox 166 2191 237 2234; x_wconf 89' lang='lat' dir='ltr'><strong>ram</strong></span> <span class='ocrx_word' id='word_1_130' title='bbox 260 2167 417 2251; x_wconf 88' lang='lat' dir='ltr'><strong>deduxit,</strong></span> <span class='ocrx_word' id='word_1_131' title='bbox 447 2190 511 2255; x_wconf 90' lang='lat' dir='ltr'><strong>qua</strong></span> <span class='ocrx_word' id='word_1_132' title='bbox 542 2168 698 2234; x_wconf 90' lang='lat' dir='ltr'><strong>uirtutem</strong></span> <span class='ocrx_word' id='word_1_133' title='bbox 724 2169 843 2234; x_wconf 85' lang='lat' dir='ltr'><strong>sectari</strong></span> <span class='ocrx_word' id='word_1_134' title='bbox 866 2178 898 2234; x_wconf 91' lang='lat' dir='ltr'><strong>et</strong></span> <span class='ocrx_word' id='word_1_135' title='bbox 920 2169 1003 2235; x_wconf 91' lang='lat' dir='ltr'><strong>uitia</strong></span> <span class='ocrx_word' id='word_1_136' title='bbox 1025 2169 1139 2254; x_wconf 85' lang='lat' dir='ltr'><strong>sugere</strong></span> <span class='ocrx_word' id='word_1_137' title='bbox 1163 2181 1194 2234; x_wconf 87' lang='lat' dir='ltr'><strong>et</strong></span> <span class='ocrx_word' id='word_1_138' title='bbox 1216 2171 1285 2236; x_wconf 81' lang='lat' dir='ltr'><strong>ani-</strong></span> 
     </span>
    </p>

    <p class='ocr_par' dir='ltr' id='par_1_3' title="bbox 73 2268 1287 2560">
     <span class='ocr_line' id='line_1_18' title="bbox 166 2268 1286 2357; baseline 0.001 -22"><span class='ocrx_word' id='word_1_139' title='bbox 166 2293 256 2336; x_wconf 91' lang='lat' dir='ltr'><strong>mum</strong></span> <span class='ocrx_word' id='word_1_140' title='bbox 284 2268 373 2335; x_wconf 90' lang='lat' dir='ltr'><strong>nullo</strong></span> <span class='ocrx_word' id='word_1_141' title='bbox 401 2270 579 2335; x_wconf 85' lang='lat' dir='ltr'><strong>affectuum</strong></span> <span class='ocrx_word' id='word_1_142' title='bbox 605 2270 730 2357; x_wconf 88' lang='lat' dir='ltr'><strong>impetu</strong></span> <span class='ocrx_word' id='word_1_143' title='bbox 758 2271 903 2335; x_wconf 86' lang='lat' dir='ltr'><strong>uinctum</strong></span> <span class='ocrx_word' id='word_1_144' title='bbox 931 2271 1142 2336; x_wconf 88' lang='lat' dir='ltr'><strong>turbatumue</strong></span> <span class='ocrx_word' id='word_1_145' title='bbox 1170 2293 1286 2356; x_wconf 90' lang='lat' dir='ltr'><strong>parare</strong></span> 
     </span>
     <span class='ocr_line' id='line_1_19' title="bbox 73 2360 1287 2459; baseline -0.001 -21"><span class='ocrx_word' id='word_1_146' title='bbox 73 2360 78 2367; x_wconf 45' lang='lat'>¹</span> <span class='ocrx_word' id='word_1_147' title='bbox 166 2372 347 2440; x_wconf 88' lang='lat' dir='ltr'><strong>subtilibus</strong></span> <span class='ocrx_word' id='word_1_148' title='bbox 376 2370 644 2459; x_wconf 89' lang='lat' dir='ltr'><strong>philosophorum</strong></span> <span class='ocrx_word' id='word_1_149' title='bbox 673 2372 870 2457; x_wconf 83' lang='lat' dir='ltr'><strong>ambagibus</strong></span> <span class='ocrx_word' id='word_1_150' title='bbox 904 2369 1068 2437; x_wconf 85' lang='lat' dir='ltr'><strong>derelictis</strong></span> <span class='ocrx_word' id='word_1_151' title='bbox 1102 2371 1287 2438; x_wconf 87' lang='lat' dir='ltr'><strong>edocemur.</strong></span> 
     </span>
     <span class='ocr_line' id='line_1_20' title="bbox 166 2472 1287 2560; baseline -0.002 -20"><span class='ocrx_word' id='word_1_152' title='bbox 166 2475 333 2540; x_wconf 88' lang='lat' dir='ltr'><strong>Numnam</strong></span> <span class='ocrx_word' id='word_1_153' title='bbox 359 2474 460 2560; x_wconf 87' lang='lat' dir='ltr'><strong>igitur</strong></span> <span class='ocrx_word' id='word_1_154' title='bbox 487 2475 595 2540; x_wconf 89' lang='lat' dir='ltr'><strong>Varro</strong></span> <span class='ocrx_word' id='word_1_155' title='bbox 624 2497 644 2538; x_wconf 87' lang='lat' dir='ltr'><strong>a</strong></span> <span class='ocrx_word' id='word_1_156' title='bbox 673 2473 829 2560; x_wconf 90' lang='lat' dir='ltr'><strong>Menippo</strong></span> <span class='ocrx_word' id='word_1_157' title='bbox 861 2472 1010 2538; x_wconf 88' lang='lat' dir='ltr'><strong>diuersus</strong></span> <span class='ocrx_word' id='word_1_158' title='bbox 1042 2474 1116 2539; x_wconf 84' lang='lat' dir='ltr'><strong>est?</strong></span> <span class='ocrx_word' id='word_1_159' title='bbox 1161 2472 1287 2540; x_wconf 85' lang='lat' dir='ltr'><strong>Socrati</strong></span> 
     </span>
    </p>
   </div>
   <div class='ocr_carea' id='block_1_3' title="bbox 167 2573 1390 2663">
    <p class='ocr_par' dir='ltr' id='par_1_4' title="bbox 167 2573 1390 2663">
     <span class='ocr_line' id='line_1_21' title="bbox 167 2573 1390 2663; baseline -0.002 -20"><span class='ocrx_word' id='word_1_160' title='bbox 167 2577 253 2643; x_wconf 88' lang='lat' dir='ltr'><strong>enim</strong></span> <span class='ocrx_word' id='word_1_161' title='bbox 281 2584 418 2662; x_wconf 89' lang='lat' dir='ltr'><strong>uterque</strong></span> <span class='ocrx_word' id='word_1_162' title='bbox 447 2575 561 2640; x_wconf 90' lang='lat' dir='ltr'><strong>similis</strong></span> <span class='ocrx_word' id='word_1_163' title='bbox 590 2584 677 2642; x_wconf 90' lang='lat' dir='ltr'><strong>recte</strong></span> <span class='ocrx_word' id='word_1_164' title='bbox 704 2573 840 2640; x_wconf 89' lang='lat' dir='ltr'><strong>uiuendi</strong></span> <span class='ocrx_word' id='word_1_165' title='bbox 862 2595 1009 2640; x_wconf 86' lang='lat' dir='ltr'><strong>normam</strong></span> <span class='ocrx_word' id='word_1_166' title='bbox 1037 2585 1213 2663; x_wconf 83' lang='lat' dir='ltr'><strong>quaerunt3</strong></span> <span class='ocrx_word' id='word_1_167' title='bbox 1242 2575 1285 2640; x_wconf 88' lang='lat' dir='ltr'><strong>cf.</strong></span> <span class='ocrx_word' id='word_1_168' title='bbox 1386 2612 1390 2620; x_wconf 94' lang='lat'>·</span> 
     </span>
    </p>
   </div>
   <div class='ocr_carea' id='block_1_4' title="bbox 162 2676 1287 2970">
    <p class='ocr_par' dir='ltr' id='par_1_5' title="bbox 162 2676 1287 2970">
     <span class='ocr_line' id='line_1_22' title="bbox 166 2676 1285 2765; baseline -0.003 -19"><span class='ocrx_word' id='word_1_169' title='bbox 166 2679 281 2765; x_wconf 87' lang='lat' dir='ltr'><strong>pulcra</strong></span> <span class='ocrx_word' id='word_1_170' title='bbox 303 2676 361 2742; x_wconf 91' lang='lat' dir='ltr'><strong>illa</strong></span> <span class='ocrx_word' id='word_1_171' title='bbox 383 2677 520 2764; x_wconf 89' lang='lat' dir='ltr'><strong>(Agath.</strong></span> <span class='ocrx_word' id='word_1_172' title='bbox 544 2678 624 2764; x_wconf 92' lang='lat' dir='ltr'><strong>Vl):</strong></span> <span class='ocrx_word' id='word_1_173' title='bbox 655 2683 770 2757; x_wconf 77' lang='lat' dir='ltr'><strong>‘aeque</strong></span> <span class='ocrx_word' id='word_1_174' title='bbox 792 2698 870 2744; x_wconf 84' lang='lat' dir='ltr'><strong>auro</strong></span> <span class='ocrx_word' id='word_1_175' title='bbox 900 2689 954 2744; x_wconf 82' lang='lat' dir='ltr'><strong>cut</strong></span> <span class='ocrx_word' id='word_1_176' title='bbox 979 2699 1091 2758; x_wconf 66' lang='lat' dir='ltr'><strong>aenae</strong></span> <span class='ocrx_word' id='word_1_177' title='bbox 1112 2690 1166 2744; x_wconf 78' lang='lat' dir='ltr'><strong>aar</strong></span> <span class='ocrx_word' id='word_1_178' title='bbox 1186 2685 1285 2744; x_wconf 79' lang='lat' dir='ltr'><strong>malti-</strong></span> 
     </span>
     <span class='ocr_line' id='line_1_23' title="bbox 162 2775 1285 2866; baseline -0.002 -20"><span class='ocrx_word' id='word_1_179' title='bbox 162 2788 241 2862; x_wconf 79' lang='lat' dir='ltr'><strong>plior‘</strong></span> <span class='ocrx_word' id='word_1_180' title='bbox 271 2785 398 2846; x_wconf 76' lang='lat' dir='ltr'><strong>scientia</strong></span> <span class='ocrx_word' id='word_1_181' title='bbox 431 2783 584 2860; x_wconf 72' lang='lat' dir='ltr'><strong>Sufflatus</strong></span> <span class='ocrx_word' id='word_1_182' title='bbox 616 2787 736 2860; x_wconf 69' lang='lat' dir='ltr'><strong>quaem</strong></span> <span class='ocrx_word' id='word_1_183' title='bbox 771 2783 910 2845; x_wconf 79' lang='lat' dir='ltr'><strong>Socratis</strong></span> <span class='ocrx_word' id='word_1_184' title='bbox 947 2785 1111 2859; x_wconf 69' lang='lat' dir='ltr'><strong>aestiqia&#39;;</strong></span> <span class='ocrx_word' id='word_1_185' title='bbox 1154 2775 1220 2866; x_wconf 87' lang='lat' dir='ltr'><strong>qua</strong></span> <span class='ocrx_word' id='word_1_186' title='bbox 1250 2803 1285 2844; x_wconf 90' lang='lat' dir='ltr'><strong>re</strong></span> 
     </span>
     <span class='ocr_line' id='line_1_24' title="bbox 167 2880 1287 2970; baseline 0 -24"><span class='ocrx_word' id='word_1_187' title='bbox 167 2905 272 2970; x_wconf 89' lang='lat' dir='ltr'><strong>neque</strong></span> <span class='ocrx_word' id='word_1_188' title='bbox 296 2905 316 2946; x_wconf 88' lang='lat' dir='ltr'><strong>a</strong></span> <span class='ocrx_word' id='word_1_189' title='bbox 337 2882 527 2968; x_wconf 85' lang='lat' dir='ltr'><strong>cynicorum</strong></span> <span class='ocrx_word' id='word_1_190' title='bbox 555 2880 665 2946; x_wconf 88' lang='lat' dir='ltr'><strong>indole</strong></span> <span class='ocrx_word' id='word_1_191' title='bbox 694 2903 748 2946; x_wconf 88' lang='lat' dir='ltr'><strong>eos</strong></span> <span class='ocrx_word' id='word_1_192' title='bbox 777 2880 901 2946; x_wconf 91' lang='lat' dir='ltr'><strong>alienos</strong></span> <span class='ocrx_word' id='word_1_193' title='bbox 928 2880 1030 2946; x_wconf 89' lang='lat' dir='ltr'><strong>fuisse</strong></span> <span class='ocrx_word' id='word_1_194' title='bbox 1053 2890 1207 2969; x_wconf 89' lang='lat' dir='ltr'><strong>apparet,</strong></span> <span class='ocrx_word' id='word_1_195' title='bbox 1239 2881 1287 2946; x_wconf 88' lang='lat' dir='ltr'><strong>ita</strong></span> 
     </span>
    </p>
   </div>
   <div class='ocr_carea' id='block_1_5' title="bbox 167 2981 1286 3580">
    <p class='ocr_par' dir='ltr' id='par_1_6' title="bbox 167 2981 1286 3580">
     <span class='ocr_line' id='line_1_25' title="bbox 167 2981 1284 3072; baseline -0.003 -23"><span class='ocrx_word' id='word_1_196' title='bbox 167 2994 203 3050; x_wconf 90' lang='lat' dir='ltr'><strong>ut</strong></span> <span class='ocrx_word' id='word_1_197' title='bbox 225 2994 302 3072; x_wconf 89' lang='lat' dir='ltr'><strong>apte</strong></span> <span class='ocrx_word' id='word_1_198' title='bbox 318 2981 541 3049; x_wconf 85' lang='lat' dir='ltr'><strong>Tertullianus</strong></span> <span class='ocrx_word' id='word_1_199' title='bbox 563 2983 600 3046; x_wconf 90' lang='lat' dir='ltr'><strong>in</strong></span> <span class='ocrx_word' id='word_1_200' title='bbox 622 2981 824 3070; x_wconf 89' lang='lat' dir='ltr'><strong>apologetico</strong></span> <span class='ocrx_word' id='word_1_201' title='bbox 842 2991 882 3052; x_wconf 82' lang='grc'><strong>14</strong></span> <span class='ocrx_word' id='word_1_202' title='bbox 905 2982 1100 3047; x_wconf 76' lang='lat' dir='ltr'><strong>‘Romanum</strong></span> <span class='ocrx_word' id='word_1_203' title='bbox 1121 2981 1284 3068; x_wconf 89' lang='lat' dir='ltr'><strong>cynicum&#39;</strong></span> 
     </span>
     <span class='ocr_line' id='line_1_26' title="bbox 167 3084 1286 3174; baseline -0.001 -24"><span class='ocrx_word' id='word_1_204' title='bbox 167 3087 349 3151; x_wconf 90' lang='lat' dir='ltr'><strong>Varronem</strong></span> <span class='ocrx_word' id='word_1_205' title='bbox 372 3085 503 3150; x_wconf 88' lang='lat' dir='ltr'><strong>dixerit.</strong></span> <span class='ocrx_word' id='word_1_206' title='bbox 546 3084 602 3149; x_wconf 90' lang='lat' dir='ltr'><strong>Ad</strong></span> <span class='ocrx_word' id='word_1_207' title='bbox 624 3108 696 3150; x_wconf 90' lang='lat' dir='ltr'><strong>eam</strong></span> <span class='ocrx_word' id='word_1_208' title='bbox 718 3085 925 3174; x_wconf 79' lang='lat' dir='ltr'><strong>pptissimum</strong></span> <span class='ocrx_word' id='word_1_209' title='bbox 947 3093 1074 3171; x_wconf 90' lang='lat' dir='ltr'><strong>partem</strong></span> <span class='ocrx_word' id='word_1_210' title='bbox 1096 3105 1135 3148; x_wconf 91' lang='lat' dir='ltr'><strong>ea</strong></span> <span class='ocrx_word' id='word_1_211' title='bbox 1156 3103 1286 3171; x_wconf 86' lang='lat' dir='ltr'><strong>quoquc</strong></span> 
     </span>
     <span class='ocr_line' id='line_1_27' title="bbox 167 3185 1285 3275; baseline -0.001 -23"><span class='ocrx_word' id='word_1_212' title='bbox 167 3188 369 3275; x_wconf 88' lang='lat' dir='ltr'><strong>spectauisse</strong></span> <span class='ocrx_word' id='word_1_213' title='bbox 392 3186 563 3252; x_wconf 89' lang='lat' dir='ltr'><strong>credamus</strong></span> <span class='ocrx_word' id='word_1_214' title='bbox 586 3195 724 3273; x_wconf 88' lang='lat' dir='ltr'><strong>oportet,</strong></span> <span class='ocrx_word' id='word_1_215' title='bbox 747 3187 867 3275; x_wconf 88' lang='lat' dir='ltr'><strong>quibus</strong></span> <span class='ocrx_word' id='word_1_216' title='bbox 890 3185 1147 3273; x_wconf 90' lang='lat' dir='ltr'><strong>philosophiam,</strong></span> <span class='ocrx_word' id='word_1_217' title='bbox 1180 3195 1216 3250; x_wconf 92' lang='lat' dir='ltr'><strong>ut</strong></span> <span class='ocrx_word' id='word_1_218' title='bbox 1238 3186 1285 3251; x_wconf 91' lang='lat' dir='ltr'><strong>ait</strong></span> 
     </span>
     <span class='ocr_line' id='line_1_28' title="bbox 168 3285 1284 3374; baseline -0.003 -18"><span class='ocrx_word' id='word_1_219' title='bbox 168 3289 281 3356; x_wconf 83' lang='lat' dir='ltr'><strong>Cicero</strong></span> <span class='ocrx_word' id='word_1_220' title='bbox 304 3287 325 3352; x_wconf 92' lang='lat' dir='ltr'><strong>l.</strong></span> <span class='ocrx_word' id='word_1_221' title='bbox 349 3311 378 3353; x_wconf 89' lang='lat' dir='ltr'><strong>c.</strong></span> <span class='ocrx_word' id='word_1_222' title='bbox 401 3290 418 3354; x_wconf 96' lang='lat' dir='ltr'>I</span> <span class='ocrx_word' id='word_1_223' title='bbox 441 3297 476 3362; x_wconf 89' lang='lat'><strong>3,</strong></span> <span class='ocrx_word' id='word_1_224' title='bbox 502 3297 558 3370; x_wconf 86' lang='lat'><strong>10,</strong></span> <span class='ocrx_word' id='word_1_225' title='bbox 587 3288 710 3354; x_wconf 78' lang='lat' dir='ltr'><strong>‘multis</strong></span> <span class='ocrx_word' id='word_1_226' title='bbox 734 3288 813 3355; x_wconf 89' lang='lat' dir='ltr'><strong>locis</strong></span> <span class='ocrx_word' id='word_1_227' title='bbox 836 3288 1020 3370; x_wconf 89' lang='lat' dir='ltr'><strong>incohauit,</strong></span> <span class='ocrx_word' id='word_1_228' title='bbox 1050 3286 1092 3351; x_wconf 86' lang='lat' dir='ltr'><strong>ad</strong></span> <span class='ocrx_word' id='word_1_229' title='bbox 1119 3285 1284 3374; x_wconf 88' lang='lat' dir='ltr'><strong>impellen-</strong></span> 
     </span>
     <span class='ocr_line' id='line_1_29' title="bbox 168 3385 1285 3477; baseline -0.004 -22"><span class='ocrx_word' id='word_1_230' title='bbox 168 3391 243 3455; x_wconf 93' lang='lat' dir='ltr'><strong>dum</strong></span> <span class='ocrx_word' id='word_1_231' title='bbox 260 3390 353 3473; x_wconf 89' lang='lat' dir='ltr'><strong>satis,</strong></span> <span class='ocrx_word' id='word_1_232' title='bbox 378 3390 420 3455; x_wconf 92' lang='lat' dir='ltr'><strong>ad</strong></span> <span class='ocrx_word' id='word_1_233' title='bbox 435 3389 637 3455; x_wconf 89' lang='lat' dir='ltr'><strong>edocendum</strong></span> <span class='ocrx_word' id='word_1_234' title='bbox 658 3391 827 3477; x_wconf 90' lang='lat' dir='ltr'><strong>parum’.¹)</strong></span> <span class='ocrx_word' id='word_1_235' title='bbox 873 3391 1079 3476; x_wconf 77' lang='lat' dir='ltr'><strong>Quamquam</strong></span> <span class='ocrx_word' id='word_1_236' title='bbox 1101 3409 1206 3473; x_wconf 87' lang='lat' dir='ltr'><strong>neque</strong></span> <span class='ocrx_word' id='word_1_237' title='bbox 1228 3385 1285 3450; x_wconf 87' lang='lat' dir='ltr'><strong>illa</strong></span> 
     </span>
     <span class='ocr_line' id='line_1_30' title="bbox 167 3490 1283 3580; baseline -0.003 -23"><span class='ocrx_word' id='word_1_238' title='bbox 167 3515 299 3580; x_wconf 87' lang='lat' dir='ltr'><strong>prorsus</strong></span> <span class='ocrx_word' id='word_1_239' title='bbox 323 3491 441 3558; x_wconf 89' lang='lat' dir='ltr'><strong>desunt</strong></span> <span class='ocrx_word' id='word_1_240' title='bbox 463 3514 546 3579; x_wconf 86' lang='lat' dir='ltr'><strong>quae</strong></span> <span class='ocrx_word' id='word_1_241' title='bbox 574 3493 663 3578; x_wconf 90' lang='lat' dir='ltr'><strong>ipsas</strong></span> <span class='ocrx_word' id='word_1_242' title='bbox 690 3490 955 3579; x_wconf 91' lang='lat' dir='ltr'><strong>philosophorum</strong></span> <span class='ocrx_word' id='word_1_243' title='bbox 983 3490 1190 3577; x_wconf 88' lang='lat' dir='ltr'><strong>quaestiones</strong></span> <span class='ocrx_word' id='word_1_244' title='bbox 1213 3499 1283 3555; x_wconf 90' lang='lat' dir='ltr'><strong>tan-</strong></span> 
     </span>
    </p>
   </div>
   <div class='ocr_carea' id='block_1_6' title="bbox 174 3647 368 3660">
    <p class='ocr_par' dir='ltr' id='par_1_7' title="bbox 174 3647 368 3660">
     <span class='ocr_line' id='line_1_31' title="bbox 174 3647 368 3660; baseline -0.01 0"><span class='ocrx_word' id='word_1_245' title='bbox 174 3647 368 3660; x_wconf 71' lang='lat'><strong>——-—-·-</strong></span> 
     </span>
    </p>
   </div>
   <div class='ocr_carea' id='block_1_7' title="bbox 168 3747 1284 4490">
    <p class='ocr_par' dir='ltr' id='par_1_8' title="bbox 168 3747 1284 4225">
     <span class='ocr_line' id='line_1_32' title="bbox 168 3747 1284 3818; baseline -0.004 -16"><span class='ocrx_word' id='word_1_246' title='bbox 168 3753 244 3818; x_wconf 84' lang='lat' dir='ltr'><strong>cipue</strong></span> <span class='ocrx_word' id='word_1_247' title='bbox 263 3751 459 3816; x_wconf 85' lang='lat' dir='ltr'><strong>inscriptiones</strong></span> <span class='ocrx_word' id='word_1_248' title='bbox 478 3749 610 3814; x_wconf 84' lang='lat' dir='ltr'><strong>quasdam</strong></span> <span class='ocrx_word' id='word_1_249' title='bbox 629 3747 802 3800; x_wconf 83' lang='lat' dir='ltr'><strong>intercedere</strong></span> <span class='ocrx_word' id='word_1_250' title='bbox 820 3752 914 3813; x_wconf 85' lang='lat' dir='ltr'><strong>putat,</strong></span> <span class='ocrx_word' id='word_1_251' title='bbox 936 3748 1062 3799; x_wconf 85' lang='lat' dir='ltr'><strong>consulto</strong></span> <span class='ocrx_word' id='word_1_252' title='bbox 1081 3765 1099 3799; x_wconf 87' lang='lat' dir='ltr'><strong>a</strong></span> <span class='ocrx_word' id='word_1_253' title='bbox 1111 3750 1236 3799; x_wconf 84' lang='lat' dir='ltr'><strong>Varrone</strong></span> <span class='ocrx_word' id='word_1_254' title='bbox 1254 3753 1284 3797; x_wconf 90' lang='lat' dir='ltr'><strong>ut</strong></span> 
     </span>
     <span class='ocr_line' id='line_1_33' title="bbox 169 3831 1283 3898; baseline -0.006 -11"><span class='ocrx_word' id='word_1_255' title='bbox 169 3835 330 3887; x_wconf 81' lang='lat' dir='ltr'><strong>Cleanthem</strong></span> <span class='ocrx_word' id='word_1_256' title='bbox 349 3837 505 3886; x_wconf 84' lang='lat' dir='ltr'><strong>sectaretur</strong></span> <span class='ocrx_word' id='word_1_257' title='bbox 526 3835 670 3885; x_wconf 86' lang='lat' dir='ltr'><strong>institutes</strong></span> <span class='ocrx_word' id='word_1_258' title='bbox 694 3833 831 3896; x_wconf 77' lang='lat' dir='ltr'><strong>conced03</strong></span> <span class='ocrx_word' id='word_1_259' title='bbox 851 3837 880 3884; x_wconf 86' lang='lat' dir='ltr'><strong>et</strong></span> <span class='ocrx_word' id='word_1_260' title='bbox 897 3848 969 3898; x_wconf 87' lang='lat' dir='ltr'><strong>quae</strong></span> <span class='ocrx_word' id='word_1_261' title='bbox 988 3849 1013 3898; x_wconf 84' lang='lat' dir='ltr'><strong>p.</strong></span> <span class='ocrx_word' id='word_1_262' title='bbox 1032 3835 1063 3884; x_wconf 78' lang='lat'><strong>19</strong></span> <span class='ocrx_word' id='word_1_263' title='bbox 1083 3831 1283 3897; x_wconf 64' lang='lat' dir='ltr'><strong>sqqnphitoso-</strong></span> 
     </span>
     <span class='ocr_line' id='line_1_34' title="bbox 169 3916 1283 3986; baseline -0.006 -13"><span class='ocrx_word' id='word_1_264' title='bbox 169 3922 240 3986; x_wconf 80' lang='lat' dir='ltr'><strong>phici</strong></span> <span class='ocrx_word' id='word_1_265' title='bbox 259 3921 415 3986; x_wconf 80' lang='lat' dir='ltr'><strong>argumenti</strong></span> <span class='ocrx_word' id='word_1_266' title='bbox 437 3920 594 3985; x_wconf 80' lang='lat' dir='ltr'><strong>fragmenta</strong></span> <span class='ocrx_word' id='word_1_267' title='bbox 618 3918 740 3982; x_wconf 76' lang='lat' dir='ltr'><strong>confert,</strong></span> <span class='ocrx_word' id='word_1_268' title='bbox 764 3934 798 3969; x_wconf 90' lang='lat' dir='ltr'><strong>ea</strong></span> <span class='ocrx_word' id='word_1_269' title='bbox 819 3917 861 3968; x_wconf 89' lang='lat' dir='ltr'><strong>nil</strong></span> <span class='ocrx_word' id='word_1_270' title='bbox 878 3919 998 3985; x_wconf 83' lang='lat' dir='ltr'><strong>probant</strong></span> <span class='ocrx_word' id='word_1_271' title='bbox 1019 3918 1075 3968; x_wconf 88' lang='lat' dir='ltr'><strong>nisi</strong></span> <span class='ocrx_word' id='word_1_272' title='bbox 1093 3916 1166 3981; x_wconf 90' lang='lat' dir='ltr'><strong>quod</strong></span> <span class='ocrx_word' id='word_1_273' title='bbox 1184 3916 1283 3966; x_wconf 82' lang='lat' dir='ltr'><strong>Cicero</strong></span> 
     </span>
     <span class='ocr_line' id='line_1_35' title="bbox 169 4001 1282 4069; baseline -0.005 -15"><span class='ocrx_word' id='word_1_274' title='bbox 169 4009 285 4057; x_wconf 84' lang='lat' dir='ltr'><strong>testatur</strong></span> <span class='ocrx_word' id='word_1_275' title='bbox 303 4004 403 4054; x_wconf 80' lang='lat' dir='ltr'><strong>‘multa</strong></span> <span class='ocrx_word' id='word_1_276' title='bbox 426 4004 551 4054; x_wconf 85' lang='lat' dir='ltr'><strong>admixta</strong></span> <span class='ocrx_word' id='word_1_277' title='bbox 573 4019 607 4054; x_wconf 87' lang='lat' dir='ltr'><strong>ex</strong></span> <span class='ocrx_word' id='word_1_278' title='bbox 625 4003 723 4053; x_wconf 86' lang='lat' dir='ltr'><strong>intima</strong></span> <span class='ocrx_word' id='word_1_279' title='bbox 740 4002 942 4069; x_wconf 83' lang='lat' dir='ltr'><strong>philosophia’,</strong></span> <span class='ocrx_word' id='word_1_280' title='bbox 966 4017 1019 4052; x_wconf 88' lang='lat' dir='ltr'><strong>non</strong></span> <span class='ocrx_word' id='word_1_281' title='bbox 1038 4006 1133 4051; x_wconf 85' lang='lat' dir='ltr'><strong>tamen</strong></span> <span class='ocrx_word' id='word_1_282' title='bbox 1150 4001 1191 4050; x_wconf 85' lang='lat' dir='ltr'><strong>ita</strong></span> <span class='ocrx_word' id='word_1_283' title='bbox 1210 4015 1282 4049; x_wconf 90' lang='lat' dir='ltr'><strong>com·</strong></span> 
     </span>
     <span class='ocr_line' id='line_1_36' title="bbox 169 4083 1282 4154; baseline -0.005 -14"><span class='ocrx_word' id='word_1_284' title='bbox 169 4094 266 4153; x_wconf 87' lang='lat' dir='ltr'><strong>parata</strong></span> <span class='ocrx_word' id='word_1_285' title='bbox 284 4093 359 4153; x_wconf 88' lang='lat' dir='ltr'><strong>sunt,</strong></span> <span class='ocrx_word' id='word_1_286' title='bbox 378 4093 408 4138; x_wconf 88' lang='lat' dir='ltr'><strong>ut</strong></span> <span class='ocrx_word' id='word_1_287' title='bbox 426 4089 513 4154; x_wconf 88' lang='lat' dir='ltr'><strong>ipsius</strong></span> <span class='ocrx_word' id='word_1_288' title='bbox 525 4087 659 4138; x_wconf 87' lang='lat' dir='ltr'><strong>Varronis</strong></span> <span class='ocrx_word' id='word_1_289' title='bbox 677 4086 859 4152; x_wconf 85' lang='lat' dir='ltr'><strong>quodcunque</strong></span> <span class='ocrx_word' id='word_1_290' title='bbox 873 4085 1065 4151; x_wconf 88' lang='lat' dir='ltr'><strong>philosophiae</strong></span> <span class='ocrx_word' id='word_1_291' title='bbox 1077 4087 1200 4148; x_wconf 85' lang='lat' dir='ltr'><strong>systema</strong></span> <span class='ocrx_word' id='word_1_292' title='bbox 1218 4083 1282 4134; x_wconf 85' lang='lat' dir='ltr'><strong>iude</strong></span> 
     </span>
     <span class='ocr_line' id='line_1_37' title="bbox 171 4173 554 4225; baseline 0 -3"><span class='ocrx_word' id='word_1_293' title='bbox 171 4173 270 4225; x_wconf 85' lang='lat' dir='ltr'><strong>elicere</strong></span> <span class='ocrx_word' id='word_1_294' title='bbox 289 4173 439 4224; x_wconf 86' lang='lat' dir='ltr'><strong>diuinando</strong></span> <span class='ocrx_word' id='word_1_295' title='bbox 458 4173 554 4223; x_wconf 88' lang='lat' dir='ltr'><strong>liceat.</strong></span> 
     </span>
    </p>

    <p class='ocr_par' dir='ltr' id='par_1_9' title="bbox 171 4253 1281 4490">
     <span class='ocr_line' id='line_1_38' title="bbox 238 4253 1281 4323; baseline -0.002 -15"><span class='ocrx_word' id='word_1_296' title='bbox 238 4257 264 4323; x_wconf 91' lang='lat'><strong>1)</strong></span> <span class='ocrx_word' id='word_1_297' title='bbox 290 4259 339 4308; x_wconf 80' lang='lat' dir='ltr'><strong>Eis</strong></span> <span class='ocrx_word' id='word_1_298' title='bbox 361 4257 455 4310; x_wconf 86' lang='lat' dir='ltr'><strong>uerbis</strong></span> <span class='ocrx_word' id='word_1_299' title='bbox 478 4258 565 4306; x_wconf 86' lang='lat' dir='ltr'><strong>tacite</strong></span> <span class='ocrx_word' id='word_1_300' title='bbox 589 4260 617 4306; x_wconf 88' lang='lat' dir='ltr'><strong>et</strong></span> <span class='ocrx_word' id='word_1_301' title='bbox 638 4257 742 4308; x_wconf 87' lang='lat' dir='ltr'><strong>urbano</strong></span> <span class='ocrx_word' id='word_1_302' title='bbox 765 4272 800 4306; x_wconf 86' lang='lat' dir='ltr'><strong>ea</strong></span> <span class='ocrx_word' id='word_1_303' title='bbox 828 4255 863 4304; x_wconf 88' lang='lat' dir='ltr'><strong>ad</strong></span> <span class='ocrx_word' id='word_1_304' title='bbox 889 4255 990 4305; x_wconf 88' lang='lat' dir='ltr'><strong>iustum</strong></span> <span class='ocrx_word' id='word_1_305' title='bbox 1014 4253 1121 4303; x_wconf 90' lang='lat' dir='ltr'><strong>modum</strong></span> <span class='ocrx_word' id='word_1_306' title='bbox 1148 4268 1281 4306; x_wconf 84' lang='lat' dir='ltr'><strong>reuocare</strong></span> 
     </span>
     <span class='ocr_line' id='line_1_39' title="bbox 171 4338 1280 4406; baseline -0.003 -15"><span class='ocrx_word' id='word_1_307' title='bbox 171 4339 295 4393; x_wconf 81' lang='lat' dir='ltr'><strong>Ciceroni</strong></span> <span class='ocrx_word' id='word_1_308' title='bbox 312 4343 341 4392; x_wconf 91' lang='lat' dir='ltr'><strong>in</strong></span> <span class='ocrx_word' id='word_1_309' title='bbox 359 4342 451 4393; x_wconf 85' lang='lat' dir='ltr'><strong>auimo</strong></span> <span class='ocrx_word' id='word_1_310' title='bbox 470 4345 524 4404; x_wconf 87' lang='lat' dir='ltr'><strong>est,</strong></span> <span class='ocrx_word' id='word_1_311' title='bbox 548 4355 619 4406; x_wconf 85' lang='lat' dir='ltr'><strong>quac</strong></span> <span class='ocrx_word' id='word_1_312' title='bbox 642 4342 730 4406; x_wconf 88' lang='lat' dir='ltr'><strong>ipsum</strong></span> <span class='ocrx_word' id='word_1_313' title='bbox 748 4341 900 4391; x_wconf 86' lang='lat' dir='ltr'><strong>Varronem</strong></span> <span class='ocrx_word' id='word_1_314' title='bbox 922 4338 1006 4404; x_wconf 87' lang='lat' dir='ltr'><strong>paulo</strong></span> <span class='ocrx_word' id='word_1_315' title='bbox 1031 4341 1116 4390; x_wconf 85' lang='lat' dir='ltr'><strong>antea</strong></span> <span class='ocrx_word' id='word_1_316' title='bbox 1139 4338 1172 4388; x_wconf 89' lang='lat' dir='ltr'><strong>de</strong></span> <span class='ocrx_word' id='word_1_317' title='bbox 1192 4355 1221 4390; x_wconf 90' lang='lat' dir='ltr'><strong>se</strong></span> <span class='ocrx_word' id='word_1_318' title='bbox 1240 4338 1280 4388; x_wconf 88' lang='lat' dir='ltr'><strong>di-</strong></span> 
     </span>
     <span class='ocr_line' id='line_1_40' title="bbox 172 4422 1183 4490; baseline 0 -17"><span class='ocrx_word' id='word_1_319' title='bbox 172 4431 275 4476; x_wconf 85' lang='lat' dir='ltr'><strong>centem</strong></span> <span class='ocrx_word' id='word_1_320' title='bbox 292 4427 409 4490; x_wconf 80' lang='lat' dir='ltr'><strong>ssecrat,</strong></span> <span class='ocrx_word' id='word_1_321' title='bbox 428 4441 458 4478; x_wconf 85' lang='lat' dir='ltr'><strong>se</strong></span> <span class='ocrx_word' id='word_1_322' title='bbox 477 4425 575 4476; x_wconf 89' lang='lat' dir='ltr'><strong>‘multa</strong></span> <span class='ocrx_word' id='word_1_323' title='bbox 594 4425 775 4477; x_wconf 86' lang='lat' dir='ltr'><strong>admiscuisse</strong></span> <span class='ocrx_word' id='word_1_324' title='bbox 794 4440 828 4477; x_wconf 85' lang='lat' dir='ltr'><strong>ex</strong></span> <span class='ocrx_word' id='word_1_325' title='bbox 847 4424 969 4475; x_wconf 86' lang='lat' dir='ltr'><strong>intima</strong></span> <span class='ocrx_word' id='word_1_326' title='bbox 986 4422 1183 4489; x_wconf 88' lang='lat' dir='ltr'><strong>philosophia.’</strong></span> 
     </span>
    </p>
   </div>
   <div class='ocr_carea' id='block_1_8' title="bbox 0 0 1642 5296">
    <p class='ocr_par' dir='ltr' id='par_1_10' title="bbox 0 0 1642 5296">
     <span class='ocr_line' id='line_1_41' title="bbox 0 0 1642 5296; baseline 0 1"><span class='ocrx_word' id='word_1_327' title='bbox 0 0 1642 5296; x_wconf 95' lang='lat' dir='ltr'><strong> </strong></span> 
     </span>
    </p>
   </div>
  </div>
 </body>
</html>
