3252 5294
338 432 359 502 2
746 498 749 503 ,
811 389 938 515 orror
968 436 978 492 1

337 608 467 667 motibus
487 605 645 665 constabat
664 607 763 664 sotira
785 605 963 677 uocabotur,
988 604 1078 678 quola
1098 604 1286 678 scripserant
1299 601 1454 662 Pacuuiae
1501 621 1506 625 ·

338 715 368 768 et
389 710 530 768 Ennius!
584 701 650 768 Sed
677 701 740 766 hae
768 699 852 765 duae
880 700 1129 786 descriptiones,
1159 699 1309 786 quamuis
1338 699 1454 765 eodem

338 805 407 870 fere
429 815 575 890 tempore
597 805 663 869 sint
684 803 846 867 factae-
861 803 1056 866 Diomedem
1078 802 1164 866 enim
1187 824 1228 866 ex
1244 801 1452 866 Suetonianis

337 905 543 992 potissimum
570 906 672 991 copiis
702 927 761 968 sua
787 904 937 968 hausisse
965 904 1004 969 Ο.
1033 903 1167 967 Iahnius
1196 903 1393 968 monstrauit
1417 903 1453 965 in

338 1030 450 1072 museo
473 1007 618 1072 rhenano
641 1007 694 1071 IX
716 1015 778 1076 629
799 1029 848 1092 sq.
871 1041 910 1052 -—
932 1005 967 1068 in
987 1005 1158 1070 Luciliano
1180 1005 1314 1091 quidem
1333 1026 1452 1088 genere

338 1109 521 1174 enarrando
545 1110 626 1172 satis
648 1109 734 1172 inter
755 1131 790 1171 se
806 1107 1030 1190 consentiunt3
1054 1106 1096 1170 de
1117 1105 1220 1170 altera
1235 1117 1344 1171 antem
1358 1115 1452 1191 parte

338 1234 421 1296 quae
443 1211 630 1296 proferunt,
654 1231 693 1274 ea
720 1207 765 1273 ad
786 1231 838 1272 res
868 1210 999 1273 omnino
1028 1207 1176 1272 diuersas
1205 1218 1354 1293 spectare
1375 1206 1452 1270 inde

337 1313 447 1378 statim
469 1319 616 1399 apparet,
640 1310 728 1395 quod
750 1313 892 1374 ‘carmen
906 1348 950 1357 -
963 1308 1058 1395 quale
1074 1309 1276 1395 seripserunt
1289 1307 1452 1372 Pacuuius

337 1427 370 1480 et
385 1415 524 1479 Ennius’
547 1435 612 1476 non
626 1415 707 1476 ‘esse
730 1410 997 1476 confundendum
1011 1433 1085 1474 oum
1100 1422 1212 1476 satura
1231 1409 1450 1490 Varroniana,

337 1516 414 1580 licet
435 1514 649 1580 Casaubonus
673 1513 714 1576 de
737 1513 880 1600 satyrica
901 1511 1102 1578 Graecorum
1124 1513 1213 1598 poesi
1237 1522 1269 1576 et
1290 1513 1452 1576 Romano-

336 1641 408 1682 rum
431 1617 532 1680 satira
552 1638 585 1700 p.
611 1623 670 1683 199
692 1613 740 1676 ita
762 1623 903 1694 statuat,
931 1614 1005 1699 ipsa
1033 1612 1230 1694 Quintiliani
1258 1613 1361 1678 uerba
1388 1609 1452 1676 cla-

337 1729 444 1800 mant,
458 1718 652 1788 ,Varronem
674 1713 825 1778 ‘alterum
847 1713 930 1778 illud
952 1722 1067 1796 genus‘
1090 1712 1324 1781 condidisse
1345 1713 1451 1802 perhi-

336 1821 459 1886 bentia.
487 1819 687 1883 Litterarum
709 1817 795 1880 enim
817 1839 919 1900 genus
942 1815 1076 1902 aliquod
1098 1817 1239 1882 condere
1260 1815 1341 1880 nihil
1362 1814 1453 1878 aliud

337 1923 399 1985 nisi
415 1921 450 1985 id
464 1920 612 1983 inuenire
627 1918 829 2005 primumque
845 1917 994 1982 excolere
1005 1923 1115 2004 potest
1130 1917 1326 2002 significare,
1339 1915 1453 1982 eodem

336 2022 433 2087 modo
456 2044 520 2107 quo
543 2019 673 2105 singula
695 2020 840 2084 carmina
861 2042 1018 2084 uersusue
1040 2020 1096 2106 qui
1118 2020 1245 2084 inuenit
1262 2019 1451 2104 scribitque,

337 2123 477 2189 condere
501 2146 540 2186 ea
563 2121 691 2185 dicitur.
736 2119 826 2184 Nihil
848 2120 949 2205 igitur
971 2122 1013 2185 ad
1036 2120 1232 2202 Quintiliani
1255 2121 1452 2186 sententiam

337 2227 449 2313 (quam
477 2246 589 2288 ueram
624 2245 694 2286 esse
721 2222 924 2308 uidebimus)
953 2222 1180 2287 Varronianae
1214 2231 1344 2287 saturae
1377 2241 1452 2285 oum

336 2328 423 2390 Enni
444 2326 632 2414 Pacuuique
656 2324 855 2388 carminibus
879 2323 989 2408 negoti
1011 2332 1076 2405 est,
1100 2325 1227 2411 triaque
1249 2325 1379 2389 omnino
1402 2347 1451 2387 sa-

337 2439 485 2492 turarum
507 2449 629 2511 genera
651 2427 801 2491 extitisse
824 2436 875 2490 est
902 2426 1155 2507 consectarium,
1185 2449 1323 2513 quorum
1350 2447 1452 2489 unum

335 2529 432 2594 modo
461 2527 550 2614 quod
578 2538 628 2591 est
654 2525 861 2591 Lucilianum
889 2527 931 2590 ab
965 2536 1104 2614 utroque
1132 2537 1229 2608 teste,
1267 2550 1286 2591 a
1313 2527 1451 2612 singulis

335 2641 463 2694 tantum
485 2628 611 2716 reliqua
628 2627 692 2693 duo
715 2629 905 2692 afferuntur.
950 2629 1066 2714 Itaque
1089 2629 1198 2693 omnia
1219 2630 1285 2692 iam
1306 2630 1341 2693 in
1361 2641 1450 2694 utro·

336 2754 398 2817 que
420 2730 490 2796 loco
512 2729 612 2816 plana
634 2739 756 2810 essent,
772 2730 836 2793 nisi
857 2729 938 2794 haec
959 2732 1064 2795 uerba
1085 2730 1326 2796 intercederent
1349 2731 1450 2811 Quin-

335 2833 471 2898 tilianea
494 2830 645 2896 ‘alterum
666 2831 749 2895 illud
772 2831 892 2895 etiam
915 2830 1028 2918 prius
1052 2832 1172 2896 satirae
1193 2840 1323 2917 genus!
1358 2833 1452 2913 Quae

336 2935 437 2999 uerba
459 2941 531 2997 eum
555 2933 721 2998 Gesnerus
745 2931 822 2997 olim
849 2935 1119 3019 interpretaretur
1146 2934 1257 2999 ‘etiam
1283 2945 1451 3020 praestan-

335 3035 413 3100 tius’
438 3034 595 3101 ariolatus
624 3044 689 3118 est,
722 3057 798 3098 nam
826 3037 989 3099 sententia
1016 3055 1081 3098 non
1107 3044 1216 3121 potest
1247 3033 1311 3100 alia
1333 3035 1451 3120 dispici

335 3138 401 3200 nisi
421 3137 517 3201 haec:
547 3133 655 3222 priore
687 3147 832 3223 tempore
860 3145 1010 3202 exortum
1039 3157 1111 3200 esse
1137 3135 1200 3202 hoc
1227 3160 1330 3222 genus
1353 3159 1451 3223 quam

279 3291 282 3298 .
334 3237 416 3301 illud
439 3238 479 3302 de
502 3261 565 3324 quo
594 3249 692 3302 antea
719 3239 843 3302 dictum
866 3239 919 3303 sit.
965 3237 1066 3302 Cuius
1095 3262 1168 3303 eum
1189 3239 1313 3325 primus
1336 3249 1451 3304 auctor

336 3339 464 3404 dicatur
491 3339 654 3422 Lucilius,
690 3340 744 3426 qui
771 3339 954 3404 Varronem
990 3350 1098 3405 aetate
1125 3340 1229 3405 multo
1261 3341 1449 3426 praecessit,

335 3443 543 3506 manifestam
564 3443 630 3505 iam
659 3440 951 3506 animaduertimus
982 3441 1235 3528 discrepantiam
1262 3444 1297 3506 in
1324 3451 1449 3506 senten-

334 3545 390 3623 tia,
415 3567 478 3630 qua
501 3554 632 3607 saturae
654 3566 757 3628 genus
781 3553 813 3608 et
839 3545 910 3630 ipso
933 3542 1060 3609 Lucilio
1083 3544 1247 3630 antiquius
1271 3555 1346 3608 eta
1366 3543 1450 3607 Var-

334 3667 412 3708 rone
436 3644 566 3708 demum
588 3645 759 3709 inuentum
775 3667 846 3708 esse
868 3669 932 3710 uno
949 3655 1061 3709 tenore
1078 3644 1209 3710 dicitur.
1240 3646 1333 3726 Quae
1348 3646 1452 3711 uerba

334 3747 419 3809 inter
443 3768 477 3810 se
499 3745 657 3810 luctantia
679 3745 873 3832 explicando
896 3745 1069 3834 conciliare
1083 3747 1294 3834 'quantumuis
1318 3757 1451 3810 strenue

335 3869 373 3910 ao
395 3845 545 3912 sollerter
567 3846 781 3932 aggrediaris,
797 3846 886 3913 nullo
904 3849 1000 3913 modo
1016 3850 1205 3933 contingere
1227 3856 1349 3936 potest,
1373 3870 1449 3910 nam

333 3948 450 4011 uitium
476 3950 562 4012 inest
590 3947 779 4012 tollendum.
834 3948 875 4012 Id
907 3951 995 4035 quod
1021 3947 1061 4012 Ο.
1089 3949 1240 4015 Iahnium
1265 3950 1300 4013 in
1329 3947 1450 4030 scholis

335 4050 402 4112 suis
421 4050 472 4113 ita
487 4057 663 4136 temptasse
680 4050 823 4131 memini,
838 4045 875 4114 ut
890 4073 949 4136 pro
973 4049 1145 4114 ‘condidit'
1169 4060 1341 4137 reponeret
1361 4056 1450 4115 ‘con-

336 4149 444 4231 diuit’,
468 4151 527 4214 sed
548 4174 665 4238 parum
688 4153 840 4237 apposite
862 4153 897 4214 ni
918 4149 1027 4233 fallor,
1051 4174 1124 4215 cum
1139 4152 1369 4239 pulcritudinis
1386 4151 1450 4216 ele-

334 4251 528 4337 gantiaeque
550 4253 777 4316 Varronianae
800 4251 930 4316 laudem
952 4252 987 4315 id
1014 4253 1152 4318 uerbum
1175 4253 1377 4334 Quintiliano
1399 4256 1450 4317 in-

335 4350 492 4433 culcaret,
525 4375 545 4414 a
573 4376 638 4440 qua
671 4353 813 4416 alienum
847 4376 919 4417 eum
947 4352 1049 4417 fuisse
1073 4365 1182 4418 cetera
1213 4364 1246 4418 et
1273 4355 1452 4440 praecipue
