3326 5304
679 440 808 499 GAPVT
830 440 852 498 ll
1028 497 1032 506 ,
1281 439 1322 503 79

203 604 320 693 reliqui
346 625 412 669 non
440 601 521 669 satis
550 613 722 685 curarunt,
756 613 793 669 ut
820 625 886 668 non
913 613 1034 670 temere
1061 605 1249 692 nullamque
1278 606 1320 672 ob

203 727 336 773 causam
357 705 393 770 in
414 702 554 770 alterum
575 726 650 769 eum
672 726 856 771 sermonem
876 706 911 769 in
926 704 1043 771 mediis
1060 705 1231 772 sententiis
1254 729 1321 772 cre·

203 807 320 874 damus
342 804 559 888 transiluisse,
583 805 641 870 sed
664 827 858 893 quocunque
880 806 977 874 modo
1000 829 1069 872 rem
1090 808 1196 896 ipsam
1216 809 1320 894 magis

172 965 175 978 ,
202 910 369 997 poeticum
401 905 545 975 colorem
572 907 710 994 adipisci
740 929 876 974 necesse
898 929 986 991 esse,
1015 918 1052 973 ut
1077 908 1160 974 haec
1183 909 1320 976 mutatio

202 1009 310 1077 locum
330 1009 452 1076 habere
474 1009 589 1096 possit.

286 1110 487 1178 Breuissimc
510 1108 651 1197 denique
673 1111 898 1197 quaestionem
926 1112 966 1178 de
988 1111 1088 1177 uariis
1111 1112 1225 1178 metris
1248 1135 1320 1180 sese

203 1213 443 1301 excipientibus
465 1210 647 1278 absoluam.
688 1211 772 1278 liam
794 1214 944 1299 potuisse
965 1213 1027 1278 hoc
1050 1235 1178 1301 quoque
1199 1213 1320 1280 Varro·

201 1337 276 1380 nem
292 1313 357 1381 sibi
371 1313 561 1395 concedere,
578 1310 667 1400 quod
679 1323 769 1380 recte
779 1313 926 1380 Koehius
943 1313 964 1380 l.
978 1337 1005 1396 c.
1022 1316 1170 1400 agnouit,
1186 1315 1320 1382 Petroni

201 1415 320 1482 iterum
340 1415 425 1480 ratio
448 1415 555 1497 docet,
578 1415 634 1502 qui
654 1437 682 1480 c.
701 1423 720 1483 5
736 1413 927 1482 choliambis
943 1415 1150 1482 hexametros
1170 1427 1203 1482 et
1216 1439 1244 1482 c.
1260 1423 1320 1488 109

207 1517 357 1584 distichis
391 1515 544 1602 elegiacis
573 1513 864 1604 hendecasyllabos
887 1516 1038 1584 subiecit.
1083 1517 1146 1584 Sed
1170 1517 1321 1604 exempla
1381 1512 1383 1519 ’

201 1628 318 1685 extant
338 1639 455 1706 pauca.
482 1615 567 1684 Nolo
590 1615 705 1682 saltem
727 1638 762 1682 π.
779 1615 868 1700 ἐξαγ.
884 1617 934 1684 IV
956 1640 1031 1684 eum
1045 1617 1231 1685 Ribbeckio
1253 1641 1320 1684 cre·

201 1721 283 1788 ticos
311 1719 528 1806 bacchiosque
561 1719 647 1785 inter
681 1741 716 1784 se
743 1719 893 1805 iungere,
927 1717 1016 1806 quod
1047 1719 1179 1807 quidem
1211 1721 1320 1786 Parm.

200 1821 347 1888 IV--IX
368 1821 492 1886 iactum
515 1820 659 1904 uidetur,
681 1817 723 1888 ιι.Ι
737 1843 768 1908 p.
786 1829 843 1906 863
866 1820 987 1886 deinde
1009 1820 1147 1886 Eumen.
1170 1821 1320 1888 XLVIII

200 1923 403 1991 octonarium
417 1921 594 1988 iambicum
607 1921 792 1988 trochaicus
809 1924 958 2010 sequitur
973 1945 1101 1989 uersus.
1134 1922 1320 2010 Septenarii

200 2034 354 2114 porroet
377 2023 536 2090 octonarii
557 2044 675 2088 uersus
697 2023 855 2090 trochaici
883 2026 931 2090 ita
953 2025 1094 2092 fortasse
1116 2023 1199 2090 Bim.
1223 2024 1315 2089 XI·-

200 2125 290 2191 XIII
311 2127 414 2191 iuncti
437 2133 527 2207 sunt,
557 2133 596 2190 ut
617 2125 822 2212 septenarius
851 2125 1017 2192 clausulae
1046 2147 1181 2191 munere
1202 2125 1318 2211 funga-

200 2236 269 2311 tur,
294 2227 353 2292 sed
367 2225 461 2291 Eum.
477 2225 593 2292 I-III
607 2229 790 2312 promiscue
813 2227 913 2314 positi
936 2249 1008 2292 esse
1030 2227 1193 2292 uidentur.
1231 2227 1318 2314 Epo·

201 2329 261 2395 dos
294 2337 403 2394 autem
434 2335 511 2392 ante
542 2325 721 2394 Horatium
752 2328 819 2392 iam
852 2350 926 2393 eum
959 2322 1151 2414 scripsisse,
1184 2327 1272 2415 quod
1299 2348 1318 2392 e

199 2429 338 2516 Marcip.
361 2430 398 2495 II
418 2428 606 2494 Meinekius
630 2427 728 2514 (diar.
743 2428 845 2516 antiq.
862 2427 927 2494 litt.
944 2439 1025 2501 1845
1041 2452 1073 2517 p.
1090 2438 1151 2501 739
1167 2437 1200 2493 et
1210 2427 1317 2515 praef.

200 2527 243 2596 ad
258 2530 375 2597 Horat.
392 2553 425 2617 p.
441 2529 647 2618 XXXVIII)
663 2531 859 2617 suspicatur,
878 2552 953 2596 cum
970 2530 1039 2596 eius
1055 2531 1233 2616 fragmenti
1246 2552 1318 2595 uer·

201 2654 256 2700 sus
279 2630 374 2715 alter,
399 2633 456 2717 qui
478 2640 633 2717 quattuor
653 2630 772 2697 iambis
796 2641 937 2713 constat,
953 2654 1029 2719 pars
1053 2642 1181 2698 tantum
1196 2633 1318 2698 senarii

201 2734 418 2821 essepossit,
445 2734 612 2798 nonsatis
639 2742 765 2799 eertum
790 2733 939 2816 uidetur3
967 2755 1027 2799 nec
1052 2743 1162 2800 tamen
1184 2734 1316 2800 omnino

162 2833 163 2839 '
200 2857 274 2900 curn
288 2836 328 2903 L.
343 2834 503 2901 Muellero
518 2856 553 2921 p.
568 2843 629 2905 413
652 2833 896 2921 reprobandum
917 2835 951 2899 in
972 2845 1082 2921 poeta,
1098 2857 1195 2923 quem
1217 2858 1238 2900 a
1252 2857 1317 2901 me-

199 2937 290 3002 tricis
312 2936 546 3004 nouationibus
576 2957 642 3002 non
669 2936 868 3002 abstinuisse
893 2935 982 3001 infra
1009 2936 1133 3003 docebo
1156 2958 1316 3024 quemque

199 3059 251 3104 res
274 3037 409 3122 similes,
432 3039 645 3125 anapaestica
667 3036 740 3104 dico
764 3047 947 3125 systemata
968 3039 1181 3124 paroemiacis
1205 3037 1318 3104 clausa

199 3143 313 3205 suae.
336 3154 367 3205 σ.
389 3140 450 3223 IV,
473 3142 618 3222 Κοσμοι.
640 3138 728 3205 VIII
749 3139 941 3206 adhibuisse
963 3149 998 3205 et
1020 3139 1138 3205 seriem
1159 3139 1315 3206 iambico-

198 3264 271 3307 rum
293 3239 457 3331 dactylico
486 3245 538 3327 (ut
559 3240 659 3326 Diog.
674 3240 719 3329 [L.
740 3241 789 3306 VI
811 3241 888 3327 100)
911 3242 1002 3306 exitu
1025 3240 1121 3306 Eum.
1145 3239 1315 3323 XXXIX,

198 3343 298 3410 XLII
313 3344 470 3409 clausisse
487 3343 563 3429 (hoc
578 3341 664 3408 adde
679 3343 718 3408 L.
734 3339 891 3407 Muellero
908 3364 939 3428 p.
956 3343 1032 3426 114)
1056 3341 1232 3407 uerisimile
1255 3353 1315 3408 est.

282 3444 432 3512 Tandem
453 3445 555 3531 igitur
577 3443 835 3530 disputationem
857 3465 963 3508 meam
984 3442 1027 3508 ad
1050 3443 1148 3508 finem
1162 3443 1315 3530 perduxi,

156 3579 158 3586 ⁴
198 3571 264 3636 qua
285 3545 416 3614 ostendi
441 3548 526 3612 inter
554 3547 739 3631 fragmenta
767 3554 953 3610 saturarum
981 3543 1111 3608 circiter
1138 3543 1316 3631 quingente

197 3650 379 3736 nonaginta
399 3650 492 3737 poesi
514 3647 734 3713 adtribuenda
761 3669 835 3712 esse
857 3645 987 3710 circiter
1015 3643 1155 3712 ducenta
1177 3645 1315 3734 quadra-

197 3751 305 3837 ginta,
334 3751 461 3839 rcliqua
488 3749 656 3838 pedestria
684 3770 766 3814 esse.
812 3746 878 3814 Sed
905 3756 939 3812 et
959 3746 1022 3813 hoo
1042 3745 1076 3810 in
1104 3746 1168 3813 fine
1190 3756 1314 3836 repeto,

198 3854 293 3939 signa
325 3853 473 3940 poeticae
505 3849 751 3938 compositionis
786 3873 837 3914 me
870 3850 905 3913 in
938 3846 1076 3934 singulis
1109 3847 1314 3934 fragmentis,

197 3977 271 4020 cum
285 3955 447 4042 poeticam
461 3953 591 4019 omnino
611 3950 756 4017 indolem
770 3950 994 4016 demonstrare
1010 3959 1182 4016 contentus
1198 3971 1315 4031 essem,

196 4079 261 4122 non
290 4057 399 4122 omnia
435 4076 659 4136 enumerasse,
695 4054 876 4139 iterumque
908 4051 1066 4118 confiteor
1098 4051 1185 4137 quod
1219 4050 1314 4115 initio

197 4157 277 4240 dixi,
293 4157 326 4222 in
349 4154 488 4243 singulis
503 4179 555 4222 me
570 4155 717 4244 potuisse
739 4176 860 4235 errare,
877 4175 978 4239 quare
998 4152 1028 4216 si
1041 4153 1128 4218 inter
1149 4151 1315 4240 pedestria

196 4259 331 4347 reliqui,
360 4281 444 4346 quae
472 4269 577 4324 certas
600 4259 642 4324 ob
665 4279 780 4322 causas
808 4255 939 4342 poetica
960 4275 1031 4319 esse
1053 4253 1133 4318 mihi
1154 4261 1314 4320 monstra·

196 4361 298 4445 bitur,
319 4359 537 4428 libentissime
560 4359 711 4447 equidem
733 4356 906 4425 edocebor.
