3274 5296
652 434 779 490 olrv'r
808 433 819 490 l
1254 431 1291 494 l'l

174 617 257 682 qnae
279 603 412 682 praeter
432 615 547 659 uersus
569 617 699 681 prosam
720 617 848 684 quoque
869 597 1049 662 orationem
1070 595 1292 680 continebant,

174 707 372 763 nontamen
395 697 480 762 tanti
503 697 538 762 id
560 699 717 762 momenti
744 699 894 764 Ciceroni
916 707 993 763 tunc
1016 707 1102 780 erat,
1126 708 1163 764 ut
1192 699 1292 764 diser·

8 801 26 887 l,
174 800 216 865 tis
238 799 348 864 uerbis
372 799 560 883 adnotaret3
594 801 628 864 in
656 801 764 886 poesis
793 812 901 867 autern
935 800 1140 888 potissimum
1171 801 1292 868 Varro-

28 898 31 907 “
151 901 293 1037 ιηἱιιῐιειει
316 899 540 966 laudationem
563 923 637 967 eum
659 901 818 967 incidisse
839 925 906 968 non
929 912 1050 968 temere
1073 902 1144 988 quis
1168 924 1292 988 eprae-

114 1023 133 1088 ο
151 1001 367 1086 ‚cedentibus
382 1001 493 1067 uerbis
510 1001 692 1068 ducendum
708 1004 855 1090 putabit:
880 1008 1111 1084 ‘plurimumque
1130 1011 1227 1084 poclis
1241 1027 1293 1070 ao-

174 1111 246 1169 strr's
266 1143 310 1154 --
331 1110 452 1170 laminis
480 1111 609 1170 attulisti
615 1114 640 1188 ',
668 1115 744 1192 post
771 1128 854 1192 quae
881 1105 984 1193 ips-ius
1018 1127 1073 1169 car
1110 1105 1116 1120 '
1166 1129 1197 1168 nr
1225 1106 1293 1172 lau-

176 1205 265 1270 datio
289 1205 408 1292 Corque
435 1212 516 1287 ipse
536 1245 579 1256 —
598 1127 1204 1310 poewptffiolulouriata
1233 1219 1292 1274 est.

176 1308 288 1389 Quare
316 1329 389 1372 cum
416 1331 483 1373 non
511 1308 644 1395 quidem
672 1331 745 1374 cum
768 1309 966 1374 Buechelcro
995 1307 1017 1373 l.
1041 1331 1068 1374 c.
1092 1320 1218 1375 certum
1240 1310 1293 1374 fir-

174 1431 327 1496 mumque
349 1407 474 1474 mixtae
497 1419 680 1476 saturarum
702 1410 822 1477 indolis
845 1421 1072 1498 argumentum
1094 1413 1128 1477 in
1148 1411 1199 1476 his
1222 1435 1293 1478 uer·

174 1512 227 1576 bis
250 1511 393 1598 reperire
415 1509 522 1594 liceat,
547 1521 655 1576 tamen
679 1513 779 1578 etiam
801 1513 997 1600 Roeperum,
1022 1515 1077 1600 qui
1100 1514 1121 1579 l.
1138 1537 1166 1579 c.
1183 1538 1214 1600 p.
1231 1523 1293 1586 438

174 1621 262 1678 totas
284 1612 434 1678 uersibus
462 1613 649 1680 constitisse
676 1613 830 1680 hocloco
854 1615 1022 1681 existimat
1043 1617 1199 1700 indicari,
1221 1638 1293 1704 pro-

174 1714 351 1802 prietatem
373 1736 596 1801 conexumque
625 1715 804 1783 sententiae
832 1740 898 1783 non
925 1718 1005 1783 satis
1029 1740 1162 1784 curasse
1185 1741 1293 1782 cense-

174 1817 296 1882 bimus.
319 1816 533 1882 —Alterum
556 1841 573 1882 e
598 1817 800 1899 Quintiliano
824 1818 932 1884 locum
960 1820 1089 1906 saepius
1113 1821 1179 1885 ianr
1201 1843 1221 1885 a
1243 1843 1295 1885 me

174 1917 323 1983 adlatum
344 1917 434 1984 haud
456 1920 580 1986 maiore
601 1921 636 1986 ui
658 1943 755 2008 quam
772 1920 940 1987 Ciceronis
955 1922 1058 1987 uerba
1072 1920 1124 1986 uel
1147 1921 1190 1986 ad
1211 1921 1295 1987 hanc

174 2019 229 2085 uel
245 2020 289 2086 ad
303 2019 393 2084 illam
408 2032 535 2108 partem
557 2046 617 2088 nos
632 2024 761 2088 trahere
783 2045 815 2110 p.
829 2032 848 2093 6
864 2046 912 2110 sq.
928 2024 995 2088 iam
1012 2024 1151 2090 ostendi.
1174 2024 1294 2110 Super-

176 2130 227 2186 est
251 2121 391 2209 denique
413 2123 554 2206 Probus,
578 2124 634 2212 qui
657 2123 678 2191 l.
695 2145 722 2189 c.
747 2126 793 2211 (p.
812 2134 852 2194 14
874 2124 976 2212 Keil.)
1000 2125 1192 2212 Menippum
1214 2126 1295 2190 Var-

175 2246 352 2312 ronemque
376 2225 561 2311 ‘omnigeno
584 2226 725 2292 carmine
748 2226 866 2291 satiras
895 2249 971 2290 suas
994 2225 1207 2312 expoliuisse'
1231 2236 1295 2292 tro-

176 2325 274 2392 didit.
305 2327 416 2414 Atque
438 2327 603 2392 Graecum
626 2328 758 2415 quidem
780 2327 846 2408 iam
868 2327 1012 2392 uidimus
1039 2328 1203 2412 poeticum
1231 2350 1296 2392 ser-

175 2451 306 2494 monem
328 2427 559 2511 immiscuisse,
591 2440 630 2495 ut
652 2431 796 2496 Probum
826 2440 994 2516 tamquam
1023 2430 1161 2494 inscium
1184 2430 1253 2494 ueri
1276 2452 1296 2494 a

176 2531 327 2618 Roepero
355 2530 376 2595 l.
401 2553 428 2596 c.
452 2555 485 2618 p.
509 2540 570 2601 420
600 2555 669 2620 sqq.
701 2531 894 2619 reprehendi
922 2555 988 2598 non
1021 2532 1121 2596 fuerit
1148 2553 1296 2596 necessa-

176 2633 302 2720 rium.¹)
346 2633 479 2698 Etenim
508 2632 562 2698 ille
585 2635 824 2700 enarrationem
851 2634 949 2698 huius
975 2633 1039 2700 loci
1060 2635 1155 2699 unice
1184 2655 1297 2698 ueram

176 2736 261 2800 hanc
283 2743 395 2822 putat,
424 2735 567 2800 carmine
591 2737 709 2800 satiras
732 2735 878 2823 expolire
900 2735 989 2826 idem
1012 2757 1084 2801 esse
1107 2744 1206 2823 atque
1228 2758 1296 2801 oar·

176 2837 322 2903 minibus
356 2836 477 2923 pulcris
512 2847 545 2902 et
573 2837 724 2924 expolitis
758 2847 945 2903 constantes
984 2839 1103 2903 satiras
1138 2837 1295 2922 scribere3

177 2962 261 3027 quae
284 2939 313 3002 si
334 2961 413 3004 uera
435 2948 538 3022 esset,
562 2939 708 3026 profecto
733 2941 861 3006 Probus
884 2961 1055 3026 perperam
1080 2939 1119 3004 de
1141 2939 1296 3026 Menippo

177 3041 376 3128 scripsisset.
432 3041 515 3106 Cum
545 3064 625 3108 uero
659 3065 786 3129 semper
813 3080 856 3090 —-
883 3063 974 3107 more
1012 3039 1208 3106 scholastico
1241 3039 1297 3105 ali-

177 3143 310 3230 quando
340 3141 438 3209 liceat
466 3142 555 3230 loqui
581 3146 672 3209 -is
707 3144 765 3231 qui
795 3143 918 3231 expolit
951 3141 1083 3230 aliquid
1110 3141 1219 3230 aliqua
1251 3165 1296 3223 re,

177 3268 248 3311 rem
271 3243 414 3331 aliquam
437 3246 501 3312 iam
524 3255 692 3312 extantem
719 3245 785 3311 alia
811 3267 846 3310 re
869 3245 1018 3310 adhibita
1047 3243 1242 3330 pulcriorem
1265 3252 1298 3308 et

177 3346 368 3413 nitidiorem
391 3359 489 3434 quam
513 3353 611 3412 antea
633 3348 698 3413 fuit
719 3347 847 3429 reddat,
865 3346 962 3411 nimis
985 3344 1094 3410 hercle
1115 3346 1143 3410 is
1166 3345 1298 3430 linguae

178 3449 302 3514 latinae
324 3448 467 3514 indolem
495 3458 638 3536 torquet,
668 3449 819 3535 quicum
849 3447 929 3512 dicit
954 3470 1023 3512 rem
1051 3445 1212 3533 expolire,
1242 3446 1299 3532 qui

178 3573 250 3616 rem
284 3549 431 3616 nondum
463 3550 569 3615 adhuc
602 3560 770 3616 extantem
800 3571 887 3614 nunc
921 3548 1053 3613 demum
1085 3546 1238 3634 producit
1266 3557 1299 3612 et

179 3652 294 3718 elficit.
338 3652 467 3718 Probus
490 3652 606 3738 igitur,
637 3653 670 3718 id
693 3675 752 3739 pro
777 3660 866 3717 certo
889 3650 1065 3716 tenendum
1089 3658 1155 3732 est,
1177 3649 1298 3714 Varro·

178 3777 255 3819 nem
283 3763 411 3818 saturas
439 3753 608 3840 pedestres
642 3753 843 3820 carminibus
872 3775 1048 3819 exornasse
1077 3751 1148 3815 siue
1176 3751 1298 3836 expoli-

178 3856 270 3919 uisse
291 3855 407 3939 tradit;
435 3855 489 3919 hio
511 3866 561 3921 est
588 3878 671 3919 unus
701 3855 850 3942 quidem,
880 3853 939 3919 sed
966 3853 1078 3918 firmus
1107 3851 1299 3936 stabilisque

179 3980 225 4022 ex
248 3957 444 4043 antiquitate
466 3959 561 4023 testis
584 3980 681 4022 uerae
704 3957 952 4043 Menippearum
974 3953 1104 4019 indolis.

180 4115 285 4122 ——..
298 4113 385 4122 -—--=--

252 4215 278 4283 1)
296 4215 427 4268 Mirabile
452 4220 544 4267 autem
568 4221 623 4281 est,
652 4217 808 4283 Roeperum
837 4229 898 4263 cum
924 4211 1064 4278 poeticam
1090 4211 1299 4276 Menippearum

180 4301 317 4356 Varronis
335 4301 455 4352 indolem
473 4305 551 4351 tanto
574 4300 664 4352 studio
689 4299 834 4362 defendat,
858 4297 988 4362 Menippo
1012 4297 1066 4362 ipsi
1089 4297 1177 4347 solam
1200 4296 1299 4346 nihilo·

182 4388 275 4436 minus
293 4403 402 4452 prosam
421 4386 563 4436 uindicare
582 4385 600 4435 l.
621 4402 644 4434 c.
664 4402 689 4450 p.
707 4387 767 4439 421.

238 4476 326 4528 Riese,
343 4477 447 4517 Varronis
462 4475 553 4520 Satlrao.
1078 4473 1097 4533 2
