3246 5300
636 444 840 501 Loutsrouttt
1232 436 1294 500 253

182 622 326 679 tutorum
349 611 490 697 scriptae
513 618 606 675 erant
627 630 764 689 causae,
787 609 822 671 in
844 607 960 673 urbem
981 604 1116 693 pertulit
1139 606 1181 671 ad
1202 628 1294 692 prae-

182 724 297 780 torem.
340 715 387 778 At
409 712 464 776 ille
486 734 560 776 cum
582 710 782 796 inspexisset
803 709 983 797 principia,
1007 731 1074 772 rem
1093 717 1219 790 tantam
1242 709 1295 773 de·
1399 749 1403 755 -

182 817 257 881 tulit
279 815 323 880 ad
346 824 505 880 senatum.
550 813 618 879 Vbi
640 835 713 878 cum
740 813 898 899 primores
928 811 1086 898 quasdam
1114 831 1229 876 causas
1253 809 1295 874 le-

180 919 323 1002 gissent,
355 940 412 982 cur
440 915 585 1003 quidque
614 915 649 978 in
672 915 774 980 sacris
803 914 903 978 fuerit
929 913 1134 992 institutum,
1169 911 1295 976 Numae

184 1030 311 1087 mortuo
345 1028 477 1084 senatus
500 1017 657 1082 adsensus
687 1025 736 1082 est
762 1038 882 1103 eosque
910 1015 1011 1080 libros
1034 1024 1201 1105 tamquam
1222 1011 1295 1078 reli-

182 1123 265 1207 giosi
288 1130 399 1209 patres
423 1119 600 1205 conscripti
623 1128 814 1205 praeterat
837 1118 1042 1184 combureret
1064 1125 1271 1182 censuerunt.

269 1340 475 1426 Augustinus
497 1341 545 1406 ib.
567 1339 635 1404 VII
658 1349 698 1411 35
727 1340 825 1404 ‘Nam
847 1340 972 1427 etipse
994 1338 1155 1406 Numa..
1178 1337 1298 1424 hydro-

183 1444 329 1509 mantian
351 1443 461 1507 facere
484 1440 670 1527 compulsus
694 1450 761 1525 est,
783 1447 875 1506 utin
897 1463 983 1529 aqua
996 1441 1125 1506 uideret
1139 1440 1297 1526 imagines

183 1544 318 1610 deorum
341 1592 372 1608 ..
397 1567 416 1608 a
438 1545 558 1630 quibus
582 1541 728 1626 audiret,
751 1543 831 1630 quid
852 1544 888 1606 in
911 1543 1014 1607 saeris
1037 1542 1236 1609 constituere
1251 1550 1299 1606 at·

182 1668 244 1733 que
282 1646 458 1710 obseruare
491 1645 636 1711 deberet.
690 1645 787 1726 Quod
823 1668 926 1730 genus
962 1643 1175 1709 diuinationis
1211 1643 1300 1708 idem

182 1747 288 1811 Varro
327 1769 346 1810 a
373 1747 483 1811 Persis
512 1746 593 1811 dicit
619 1745 768 1827 allatum,
807 1770 870 1834 quo
899 1756 933 1832 et
959 1745 1067 1833 ipsum
1096 1745 1237 1810 Numam
1266 1756 1299 1810 et

182 1858 298 1936 postea
320 1849 544 1935 Pythagoram
566 1847 796 1936 philosophum
818 1871 911 1914 usum
933 1848 1036 1912 fuisse
1056 1857 1297 1928 commemorat,

182 1951 240 2018 ubi
262 1949 411 2016 adhibito
440 1950 597 2036 sanguine
624 1951 722 2016 etiam
749 1950 872 2016 inferos
901 1950 1051 2036 perhibet
1077 1950 1238 2015 sciscitari
1267 1960 1299 2014 et

182 2054 445 2135 νεκρομαντείαν
472 2074 590 2138 graece
619 2051 699 2117 dicit
726 2052 848 2118 uocari.
866 2100 873 2115 .
891 2099 924 2116 ..
953 2050 1061 2117 Varro
1089 2049 1219 2117 illorum
1249 2074 1298 2115 sa-

182 2176 319 2219 crorum·
333 2152 414 2244 alias
436 2155 651 2240 nescioquas
674 2175 790 2217 causas
812 2151 903 2217 uelut
930 2151 1083 2238 physicas
1105 2154 1298 2239 interpreta-

183 2265 319 2320 tur...
363 2255 461 2336 Quod
489 2277 566 2339 ergo
597 2276 712 2342 aquarn
741 2254 900 2339 egesserit
932 2253 967 2317 id
995 2262 1045 2318 est
1074 2253 1298 2340 exportauerit

182 2357 289 2421 Numa
311 2356 509 2444 Pompilius,
540 2356 626 2420 unde
653 2355 908 2442 hydromantiam
934 2354 1075 2437 faceret,
1104 2355 1178 2420 ideo
1206 2377 1297 2440 nym-

181 2458 280 2544 pharn
301 2459 456 2543 Egeriam
480 2458 653 2543 coniugem
681 2457 801 2522 dicitur
822 2458 994 2541 habuisse,
1026 2455 1297 2548 quemadmodum

181 2559 216 2621 in
239 2559 428 2647 supradicto
452 2559 537 2625 libro
559 2558 720 2625 Varronis
744 2561 943 2645 exponitur?

708 2677 771 2762 †V

267 2779 402 2845 Seruius
424 2780 456 2844 in
474 2780 557 2846 Aen.
574 2779 626 2847 HI
642 2789 703 2853 359
727 2779 845 2847 ‘Varro
869 2790 979 2848 autem
993 2790 1157 2869 'quattuor
1178 2805 1299 2870 genera

183 2879 421 2947 diuinationum
444 2882 539 2948 dicit:
564 2892 684 2948 terram
708 2893 816 2950 aerem
832 2906 951 2970 aquarn
972 2885 1091 2969 ignem,
1115 2887 1297 2970 geomantis

182 2984 379 3049 aeromantis
408 2987 609 3072 pyromantis
632 2985 883 3072 hydromantis.’
927 2986 1019 3052 Idem
1048 2988 1129 3053 dicit
1150 2987 1296 3055 Isidorus
1336 2985 1337 2990 ’

182 3085 285 3171 origg.
308 3086 394 3152 VIII
417 3097 447 3171 9,
472 3097 522 3158 13.
566 3087 704 3152 Ioannes
729 3089 852 3154 Sarisb.
877 3088 996 3155 Policr.
1020 3090 1036 3154 Ι
1060 3100 1110 3158 11.

507 3256 686 3322 GALLVS
708 3257 974 3324 FVNDANIVS

569 3358 627 3423 De
650 3358 906 3424 admirandis

267 3558 400 3625 Seruius
433 3558 467 3622 in
501 3557 623 3646 Georg.
652 3559 791 3632 111113
826 3562 896 3626 ‘De
926 3561 986 3628 hoc
1015 3562 1122 3628 Varro
1149 3564 1183 3629 in
1213 3563 1296 3632 libro

182 3662 238 3748 qui
257 3660 458 3728 Mirabilium
480 3661 686 3732 inscribitur:
710 3662 959 3728 Erichthonium
982 3666 1123 3751 primum
1145 3675 1299 3754 quattuor

180 3764 328 3829 iunxisse
357 3786 456 3851 equos
484 3761 571 3827 ludis
600 3764 654 3851 qui
677 3764 922 3832 Panathenaico
950 3766 1178 3854 appellentur?
1223 3769 1297 3833 Phi-

180 3863 332 3952 largyrus
355 3865 435 3930 ibid.
480 3864 600 3930 ‘Varro
623 3865 657 3929 in
679 3865 762 3932 libro
791 3868 847 3953 qui
871 3868 1128 3935 Admirabilium
1149 3871 1298 3936 inscribi-

180 3976 235 4030 tur
255 3966 507 4053 Erichthonium
528 3967 576 4034 ait
597 3969 737 4054 primum
753 3992 853 4055 equos
869 3980 1024 4056 quattuor
1046 3973 1195 4037 iunxisse
1210 3971 1297 4037 ludis

181 4067 237 4153 qui
252 4069 482 4136 Panathenaea
496 4069 725 4157 appellantur!

266 4273 432 4338 Arnobius
462 4274 512 4338 VI
541 4283 559 4344 3
594 4243 817 4362 ‘Tempiorum
850 4277 878 4341 si
912 4278 1042 4365 quaeris
1076 4279 1191 4345 audire
1226 4282 1297 4368 quis

182 4373 272 4458 prior
293 4375 393 4439 fuerit
414 4373 610 4458 fabricator,
641 4385 698 4442 aut
720 4377 916 4443 Phoroneus
934 4380 1120 4469 Aegyptius
1149 4392 1207 4448 aut
1229 4384 1297 4450 Me-
