3326 5304
697 439 824 498 GAPVI'
855 441 876 499 ll
1306 435 1344 504 77

226 623 285 668 suo
307 600 415 669 lubitu
436 601 580 686 finxerit,
600 603 634 668 in
655 604 780 670 incerto
801 602 1049 691 relinquendum
1064 605 1207 674 uidetur.
1221 645 1264 658 -
1280 613 1345 674 ‘Bt'-

223 725 282 784 por
302 710 388 785 seque·
413 713 570 770 cornutas’
598 704 701 792 (Serr.
725 704 793 790 III)
822 707 990 792 poeticum
1019 729 1090 772 esse
1121 731 1164 774 ex
1186 710 1235 775 eis
1261 731 1345 796 quae

225 827 326 893 supra
349 805 516 892 disputaui
538 815 691 893 apparet3
714 805 840 892 reliqua
855 817 963 873 autem
979 807 1155 894 fragmenti
1171 832 1248 896 pars
1271 832 1345 876 cum

224 906 408 994 prosariam
429 929 509 994 prae
532 928 566 972 se
587 905 674 972 ferat
701 906 846 973 indolem
869 919 902 974 et
924 913 1141 990 ‘Triptolemus
1166 918 1344 993 sculponea-

223 1015 283 1074 tus’
306 1007 433 1094 dequo
456 1008 536 1073 haec
559 1008 729 1092 dicuntur,
753 1008 913 1074 Serranus
935 1011 1007 1098 ipse
1029 1034 1102 1076 esse
1126 1012 1344 1099 suspicandus

225 1108 278 1192 sit,
300 1108 365 1174 tria
387 1107 447 1174 illa
466 1108 571 1174 uerba
592 1133 635 1174 ex
656 1110 783 1195 tragica
806 1110 916 1196 aliqua
945 1111 986 1176 de
1009 1111 1212 1199 Triptolemo
1235 1136 1344 1180 narra-

223 1209 312 1276 tione
327 1210 437 1275 afferri
452 1209 629 1275 uerisimile
645 1221 706 1276 est.
721 1249 764 1260 -
777 1212 830 1278 De
846 1213 1011 1279 Plautinis
1022 1213 1135 1280 uerbis
1157 1217 1241 1295 Ταφ.
1254 1218 1343 1281 Mer.

222 1311 291 1376 VII
312 1311 459 1400 repetitis
482 1334 514 1376 u.
531 1310 642 1378 adnot.
666 1313 709 1378 ad
731 1312 763 1379 h.
779 1313 859 1378 1.-
882 1314 1002 1400 Sexag.
1019 1314 1125 1381 XIII:
1150 1321 1248 1382 ‘adest
1266 1319 1345 1394 foas

223 1420 361 1478 inuoluta
382 1419 534 1479 incendio’
557 1437 600 1479 ex
619 1413 708 1478 Enni
724 1422 809 1500 trag.
824 1439 857 1482 u.
873 1425 912 1488 85
929 1417 1139 1504 desumptum
1161 1427 1212 1482 est
1232 1417 1343 1484 uerbis

222 1513 275 1579 hic
290 1537 418 1602 quoque
439 1514 573 1602 paulum
587 1516 765 1582 immutatis
782 1517 899 1583 eodem
914 1518 1010 1584 modo
1027 1541 1091 1605 quo
1106 1517 1239 1584 Andab.
1251 1518 1287 1584 II
1302 1542 1344 1584 ex

222 1612 334 1681 Plauti
345 1615 406 1682 Mil
415 1616 461 1682 ,ΙΙ
469 1625 499 1698 3,
508 1628 559 1688 51.
571 1617 752 1682 —Graeca
767 1619 866 1684 etiam
879 1619 914 1682 in
928 1617 1067 1685 latinum
1079 1641 1262 1686 sermonem
1271 1643 1342 1686 uer·

221 1717 279 1800 tit3
301 1717 442 1806 itaSesq.
458 1718 509 1784 IV
531 1742 574 1784 ex
588 1719 735 1806 Odyssia
749 1718 781 1784 V
797 1727 858 1792 292
875 1743 936 1807 sq„
958 1723 1043 1804 Ταφ.
1058 1723 1147 1786 Μεν.
1163 1720 1216 1787 XI
1230 1721 1284 1788 fin.
1302 1745 1344 1788 ex

222 1817 358 1904 Diphilo
381 1821 462 1884 satis
486 1818 589 1886 libere
612 1821 793 1906 expressit,
823 1842 960 1908 quorum
987 1820 1150 1908 posterius
1181 1823 1216 1888 in
1238 1823 1342 1911 ipsius

222 1939 350 2006 quoque
372 1920 599 1986 Varronianus
628 1921 808 1988 sententiae
838 1943 1000 1990 conexum
1027 1923 1167 1990 transiit.
1195 1963 1237 1977 ..
1265 1926 1343 1991 Pro-

217 2020 310 2085 saria
341 2020 480 2108 denique
513 2021 653 2088 aliorum
686 2022 868 2090 Varronem
900 2025 934 2089 in
967 2023 1177 2110 pedestribus
1211 2026 1343 2113 quidem

222 2119 371 2209 partibus
399 2122 565 2190 rettulisse
592 2124 772 2189 uerisimile
803 2136 867 2207 est,
903 2125 1053 2212 quamuis
1085 2135 1198 2212 poetas
1227 2135 1342 2214 utpote

222 2223 363 2288 notiores
392 2225 525 2290 afferret
552 2227 699 2312 saepius3
733 2248 816 2314 quae
845 2236 882 2291 ut
915 2226 1144 2292 discernantur
1172 2229 1237 2292 nisi
1265 2239 1343 2296 suut

221 2322 284 2390 loci
311 2323 445 2390 aliunde
473 2325 557 2392 forte
585 2329 670 2411 noti,
700 2348 775 2392 cum
802 2326 933 2392 dicendi
962 2329 1105 2394 uarietas
1134 2326 1257 2394 nullam
1288 2328 1342 2394 hic

222 2426 439 2512 dignoscendi
460 2450 576 2492 ansam
596 2428 764 2516 praebeat,
781 2426 982 2495 nullomodo
1000 2427 1088 2494 effici
1103 2438 1222 2516 potest.
1245 2429 1342 2498 Certe

221 2529 315 2594 unius
344 2538 473 2595 tantum
500 2527 565 2595 loci
592 2530 716 2596 fontem
745 2528 892 2595 indicare
926 2551 1075 2618 possum,
1109 2534 1246 2612 Γερουτ.
1274 2531 1339 2598 IV:

221 2633 300 2696 ‘cum
322 2651 472 2712 urceum,
494 2638 523 2696 st
543 2652 602 2697 nou
624 2638 725 2714 uellet,
748 2652 808 2696 non
828 2639 997 2707 stateret’,
1020 2632 1077 2719 qui
1099 2633 1267 2698 deriuatus
1290 2643 1341 2698 est

222 2730 434 2818 ednodecim
457 2732 577 2799 tabulis
601 2732 689 2820 apud
711 2731 856 2798 Gellium
879 2733 948 2798 XX
972 2743 1002 2815 1,
1026 2741 1080 2804 25:
1111 2739 1149 2800 ‘a'
1169 2741 1265 2816 notet,
1289 2755 1340 2799 or·
1444 2791 1468 2822 ,

220 2854 323 2899 cnam
345 2857 383 2900 ue
403 2841 552 2900 sternito&

304 2935 398 3001 Haeo
426 2936 467 3001 de
495 2935 576 3002 locis
604 2935 744 3002 aliorum
772 2937 967 3025 scriptorum
997 2961 1017 3003 a
1045 2937 1193 3004 Varrone
1221 2937 1339 3004 adlatis

221 3036 359 3102 dicenda
381 3047 489 3121 erant3
513 3036 671 3104 nonnulla
693 3061 804 3104 eorum
826 3039 892 3103 iam
907 3038 1113 3105 Ribbeckius
1129 3061 1211 3106 mus.
1226 3037 1339 3126 philol.

161 3145 164 3152 '
220 3138 255 3203 Χ
277 3147 338 3212 286
367 3161 427 3226 sq„
455 3137 624 3205 Vahlenus
656 3140 738 3206 coni.
767 3163 800 3227 p.
822 3148 863 3209 12
893 3163 975 3228 sqq„
1009 3139 1227 3206 Buechelerus
1256 3164 1339 3208 mus.

218 3238 332 3327 philol.
347 3239 432 3306 XIV
448 3249 509 3311 423
526 3263 597 3328 sqq.
613 3250 847 3328 congesserunt
868 3264 930 3307 neo
953 3242 981 3306 si
1004 3263 1086 3328 quae
1108 3241 1143 3304 hi
1164 3242 1228 3306 uiri
1251 3242 1338 3308 docti

218 3342 283 3408 huc
308 3341 504 3408 rettulerunt
531 3344 565 3407 in
592 3343 710 3430 quibus
747 3344 789 3408 ab
817 3343 864 3406 eis
895 3342 1155 3408 dissentiendum
1181 3351 1277 3429 puto,
1301 3365 1340 3408 ea

218 3467 306 3510 nunc
328 3443 514 3525 recensebo,
538 3444 597 3509 sed
618 3445 758 3512 referam
782 3443 927 3528 legentes
951 3442 995 3508 ad
1016 3442 1125 3510 adnot.
1142 3443 1185 3508 ad
1200 3447 1337 3528 Γεροντ.

219 3545 295 3610 XV.
332 3545 427 3610 Eum.
458 3545 588 3611 XXIV.
626 3546 716 3611 Man.
745 3544 841 3610 XIV.
879 3543 960 3610 ibid.
991 3543 1087 3610 XVI.
1129 3545 1211 3611 ibid.
1240 3545 1337 3610 XXI.

218 3645 356 3733 Marcip.
379 3648 456 3714 VII.
480 3645 533 3712 all.
563 3646 692 3713 Graeca
721 3646 820 3733 igitur
842 3655 874 3712 et
894 3645 1031 3728 Latina,
1060 3646 1095 3710 in
1123 3648 1260 3734 poeticis
1283 3669 1338 3735 pe-

219 3745 449 3835 destribusque
470 3748 636 3835 partibus,
665 3749 776 3814 uerbis
799 3746 854 3812 uel
876 3747 1016 3813 seruatis
1039 3747 1094 3813 uel
1115 3748 1248 3836 paulum
1269 3771 1338 3814 mu·

218 3850 308 3929 tatis,
330 3849 461 3914 nomine
483 3850 626 3916 auctoris
649 3849 801 3936 apposito
821 3849 876 3914 uel
898 3850 1036 3932 omisso,
1060 3850 1118 3915 sed
1138 3849 1207 3916 fere
1229 3850 1338 3916 omnia

219 3949 328 4038 quoad
342 3972 515 4038 possumus
539 3951 702 4039 dispicere
726 3951 769 4017 ab
791 3951 873 4038 ipsis
890 3951 1108 4017 Varronianis
1132 3949 1222 4015 nulla
1243 3951 1337 4036 grand

218 4051 483 4140 interpunctione
510 4063 684 4140 segregata
705 4053 764 4118 sed
786 4053 821 4117 in
844 4053 1115 4118 sententias-eius
1138 4061 1273 4138 accepta
1294 4053 1337 4118 ab

218 4176 257 4218 eo
279 4154 430 4222 adhibita
451 4155 611 4222 uidemus.
1105 4153 1111 4168 ⁸

303 4256 452 4323 Alteram
474 4259 575 4324 uerbo
590 4259 655 4324 iam
671 4257 766 4343 tetigi
781 4255 1017 4345 quaestionem,
1031 4265 1142 4321 utrum
1157 4275 1218 4320 sua
1232 4254 1336 4342 ipsius

216 4359 364 4424 earmina
380 4358 564 4445 apartibus
580 4359 788 4446 pedestribus
803 4358 898 4444 graui
920 4378 1050 4445 semper
1072 4356 1336 4446 interpunctione
