3274 5296
671 433 798 490 CAPIT
820 435 840 491 1.
1272 432 1313 496 33

193 594 308 660 tudine
337 593 478 679 (Probus
502 594 545 659 ad
567 595 670 680 Verg.
700 594 759 660 ecl.
782 595 832 659 VI
856 596 927 681 31);
963 597 1095 664 Tubero
1125 597 1164 664 do
1186 601 1312 686 origine

194 700 336 760 humana
359 694 487 780 (ibid.);
512 695 612 762 GurIo
637 697 676 761 de
701 697 834 762 deorum
857 697 948 764 cultu
971 699 1097 785 (ibid.);
1121 700 1247 766 Marius
1272 703 1312 767 de

193 798 328 863 fortuna
344 797 548 895 (Macrobius
562 797 630 864 Sat.
643 799 697 863 III
710 801 819 885 18,6);
843 822 928 864 urum
952 800 1163 886 excipiendus
1187 803 1313 868 Gellius

195 899 262 962 XX
281 910 316 968 11
336 898 418 964 Cato
443 898 582 964 alterum
604 899 737 964 titulum
758 901 903 967 demens.
941 901 1058 966 Eidem
1078 901 1154 968 libri
1170 926 1243 969 cum
1258 905 1313 970 uel

195 1001 263 1064 sine
286 999 552 1085 logistoricorum
574 1002 705 1068 nomine
733 1001 860 1067 duobus
891 1003 957 1068 suis
981 1003 1085 1068 titulis
1109 1003 1237 1072 soleant
1259 1006 1314 1071 de·

194 1102 316 1187 signari
340 1103 403 1186 (sic
419 1101 520 1167 Gatus
544 1125 596 1191 ap.
611 1103 816 1169 Macrobium
839 1105 939 1186 1116,
964 1117 981 1176 5
1006 1115 1038 1170 et
1059 1105 1169 1170 tricies
1192 1109 1312 1193 septies
1409 1167 1415 1178 ,

194 1204 281 1290 apud
295 1204 454 1288 Nonium3
480 1205 612 1270 Tubero
629 1227 681 1290 ap.
698 1205 911 1270 Censorinum
928 1217 962 1290 93
985 1207 1110 1272 Marius
1125 1208 1158 1272 in
1176 1207 1313 1275 Scholiis

194 1304 437 1370 Veronensibus
460 1306 504 1370 ad
526 1309 610 1371 Aen.
633 1306 702 1372 VII
724 1313 819 1390 681),
853 1329 908 1372 eos
937 1330 1065 1395 quoque
1093 1309 1148 1394 qui
1177 1309 1312 1376 eandem

194 1407 442 1494 inscriptionum
469 1407 629 1472 rationem
658 1409 830 1490 exhibent,
868 1409 889 1474 i.
913 1433 940 1474 e.
969 1432 1086 1476 nomen
1108 1411 1213 1496 primo
1240 1412 1311 1478 loco

194 1507 373 1594 proprium,
398 1508 517 1573 deinde
539 1509 616 1575 libri
639 1521 867 1596 argumentum
891 1509 993 1576 latino
1010 1535 1158 1578 sermone
1181 1535 1312 1600 expres·

194 1631 281 1691 sum,
311 1633 378 1674 non
400 1600 509 1676 tamen
531 1609 711 1696 logistoriei
734 1621 982 1698 nuncupantur,
1011 1613 1098 1678 inter
1119 1612 1178 1678 hos
1201 1637 1312 1680 nume·

193 1734 265 1776 rare
290 1734 371 1798 opus
396 1714 474 1795 erit,
505 1713 559 1798 qui
583 1723 658 1778 sunt
681 1713 813 1780 Orestes
838 1713 878 1778 do
900 1713 1029 1778 insania
1058 1714 1200 1800 (Gellius
1224 1714 1313 1781 XIII

194 1814 245 1897 4);
279 1813 417 1878 Sisenna
451 1815 490 1879 de
519 1815 654 1879 historia
687 1814 827 1900 (Gellius
851 1815 935 1879 XVI
967 1815 1017 1902 9);
1051 1815 1129 1880 Pius
1161 1816 1202 1882 de
1230 1839 1313 1904 pace

194 1915 335 2002 (Gellius
359 1915 463 1980 XVII
487 1916 556 2000 18);
586 1916 716 1982 Atticus
741 1918 780 1982 de
802 1917 945 1980 numeris
974 1916 1186 2000 (Censorinus
1210 1927 1241 2002 23
1272 1919 1312 1984 de

193 2017 383 2083 muneribus
407 2017 459 2082 eii.
476 2017 644 2082 Manutius
668 2028 701 2082 et
715 2017 941 2104 Ritschelius);
965 2017 1080 2082 Gallus
1104 2021 1173 2084 siue
1196 2019 1312 2086 Gallus

193 2118 385 2184 Fundanius
410 2119 450 2183 de
467 2119 670 2184 admirandis
694 2119 896 2207 (Macrobius
919 2119 972 2186 III
997 2131 1047 2200 15,
1072 2129 1106 2202 83
1129 2120 1256 2186 Nonius
1279 2145 1311 2208 p.

194 2231 243 2291 71.
274 2225 367 2304 217).
417 2221 487 2286 Iam
540 2223 620 2287 tiam
654 2221 775 2286 similes
812 2222 1040 2307 inscriptiones
1079 2220 1183 2285 altera
1219 2234 1312 2309 parte

193 2345 325 2386 mancas
353 2322 417 2387 huc
444 2323 600 2387 audemus
628 2323 766 2404 referre,
796 2322 887 2387 uelut
914 2323 1071 2388 Scaurum
1096 2322 1245 2407 (Seruius
1269 2325 1311 2388 ad

193 2425 434 2510 Georg.119;
459 2423 626 2488 Charisius
656 2434 787 2510 quater,
817 2426 858 2488 de
888 2447 951 2510 quo
980 2448 1012 2512 p.
1037 2433 1076 2495 37
1106 2424 1310 2511 disputabo),

194 2527 351 2592 Calenum
374 2525 522 2610 (Seruius
546 2526 588 2590 ad
611 2527 695 2590 Aen.
720 2525 771 2588 IX
793 2526 865 2610 53),
888 2525 1100 2590 Laterensem
1129 2525 1254 2610 (Diom.
1277 2549 1309 2612 p.

194 2638 264 2700 368.
300 2627 404 2692 Prisc.
428 2628 462 2691 X
484 2651 515 2714 p.
541 2639 598 2697 511
625 2627 696 2712 Η),
720 2627 882 2712 Nepotem
907 2627 1048 2711 (Charis.
1071 2652 1103 2715 p.
1125 2629 1194 2712 59),
1218 2626 1312 2692 Scae-

193 2731 302 2795 uolam
326 2727 525 2813 (Macrobius
549 2728 589 2792 de
614 2729 682 2792 diff.
700 2739 750 2810 19,
775 2729 840 2814 32).
885 2728 951 2794 Sed
973 2751 1013 2793 ne
1036 2730 1131 2794 nimis
1154 2729 1216 2795 tibi
1239 2749 1312 2794 con·

194 2830 292 2896 fidas:
316 2853 392 2894 nam
416 2829 575 2896 Serranus
599 2851 743 2916 quoque,
773 2831 801 2896 si
824 2829 928 2895 altera
957 2831 1168 2917 inscriptione
1192 2840 1312 2918 egeret,

194 2956 287 2999 nemo
312 2931 478 2998 dubitaret
506 2932 584 3019 quin
613 2930 818 3015 logistorieus
852 2942 953 3016 esset3
989 2953 1084 3016 quom
1112 2955 1230 3017 graeca
1257 2955 1312 3019 ap-

194 3036 303 3122 posita
326 3029 401 3115 περὶ
424 3025 644 3118 ἀρχαιρεσιῶν
667 3034 786 3098 saturis
811 3033 990 3100 vindicant.

277 3135 371 3200 Haec
403 3137 469 3199 iam
497 3135 537 3199 de
570 3135 856 3221 inscriptionibus3
891 3135 1035 3200 indolem
1062 3144 1170 3199 autem
1197 3135 1312 3200 horum

195 3239 352 3305 librorum
375 3237 403 3301 si
426 3260 468 3301 ex
490 3239 619 3302 nomine
645 3238 787 3324 primum
810 3236 1097 3321 ‘logistorieorum'
1121 3259 1140 3300 a
1162 3237 1312 3302 Varrone

195 3351 232 3405 ut
252 3340 386 3404 uidetur
408 3340 541 3403 inuento
564 3361 760 3424 cognoscere
783 3339 983 3425 quaerimus,
1008 3335 1130 3419 λόγους
1153 3359 1312 3423 quoscun-

196 3443 300 3528 quei.
325 3464 352 3506 e.
383 3441 561 3506 sententias
584 3441 638 3506 uel
660 3442 907 3506 obseruationes
935 3439 989 3502 nel
1017 3448 1190 3525 praecepta
1211 3439 1258 3502 ita
1279 3440 1312 3502 in

196 3543 241 3606 eis
263 3542 352 3608 tradi
373 3542 576 3624 inuenimus,
605 3552 641 3607 ut
668 3540 827 3606 historica
848 3540 952 3606 multa
974 3539 1159 3626 explicandi
1181 3538 1235 3604 uel
1257 3562 1312 3604 ex·

196 3645 332 3709 ornandi
356 3667 455 3708 causa
477 3645 618 3708 sermoni
639 3644 893 3708 immisceamur.
938 3641 1011 3708 Hoc
1033 3643 1119 3706 enim
1135 3640 1313 3707 Ritschelio

196 3768 277 3810 mus.
302 3744 414 3833 philol.
430 3745 480 3810 VI
496 3755 556 3816 543
579 3755 647 3811 not.
670 3755 758 3809 recte
780 3755 817 3810 ut
839 3754 918 3831 puto
940 3742 1144 3832 probabilius
1168 3744 1311 3824 uidetur,

196 3869 292 3933 quam
315 3848 344 3914 si
366 3841 489 3929 λόγους
511 3845 699 3912 fabularum
721 3848 856 3912 notione
871 3845 1065 3933 accipientes
1090 3868 1187 3910 uerae
1210 3854 1243 3909 et
1264 3845 1313 3909 fa·

196 3949 330 4014 bulosae
363 3947 520 4015 historiae
554 3948 814 4013 coniunctionem
846 3948 896 4012 his
932 3947 1024 4014 libris
1058 3947 1312 4011 uindicaremus.

197 4049 291 4115 Illum
315 4061 425 4115 autem
447 4051 580 4117 modum
603 4048 786 4116 obtinuisse
810 4049 870 4134 (ita
887 4073 976 4132 sane,
999 4058 1036 4113 ut
1057 4046 1210 4113 fabulosa
1233 4070 1312 4133 quo·

197 4174 257 4236 que
281 4175 451 4218 occurrere
478 4152 643 4239 potuerint
666 4152 707 4216 cf.
732 4176 763 4237 p.
782 4160 821 4220 34
839 4173 906 4236 sq.;
936 4173 1019 4236 quae
1047 4148 1132 4213 inter
1156 4148 1314 4213 historica

196 4253 310 4320 latiore
334 4277 432 4320 sensu
448 4254 537 4320 dicta
551 4252 752 4318 nurnoranda
767 4253 857 4339 sunt)
875 4275 947 4315 cum
962 4253 1055 4337 ipsae
1070 4251 1312 4338 inscriptiones

196 4364 265 4420 tum
297 4355 455 4444 reliquiae
488 4356 563 4420 Cati
594 4353 776 4440 logistorIci
809 4354 944 4436 docent,
983 4375 1048 4440 quo
1080 4375 1149 4416 rem
1182 4352 1313 4434 seriam,

249 4475 334 4528 Riese,
352 4475 456 4517 Varronis
471 4473 562 4517 Satirae.
1121 4465 1139 4526 3
