3274 5296
687 435 816 495 CAPVT
838 439 847 494 l
1283 434 1325 512 53

208 601 289 666 sisse
311 598 494 665 credendus
518 607 579 664 est.
624 597 849 665 Ecclesiastici
879 600 1018 687 denique
1046 601 1238 687 scriptores,
1268 603 1324 688 qui

207 702 271 768 alia
293 702 455 790 quaedam
478 700 640 767 Varronis
669 723 769 788 opera
791 703 933 768 strenuis
956 703 1108 768 manibus
1130 702 1322 788 uoluebant,

207 812 335 870 saturas
364 803 433 868 fere
460 804 673 890 ignorabant,
703 827 840 891 quarum
867 805 988 870 mentio
1012 814 1167 892 quattuor
1195 815 1323 871 tantum

205 906 283 972 loeis
307 905 396 993 apud
412 904 651 971 Tertullianum
674 915 706 970 ot
728 905 921 990 Arnobium,
945 916 977 972 ot
998 915 1035 971 ut
1055 905 1189 972 uidetur
1210 907 1322 993 Augu-

206 1009 327 1074 stinum
355 1006 521 1072 tralaticia
548 1007 690 1094 quadam
712 1009 869 1073 memoria
896 1007 985 1075 facta
1008 1017 1058 1073 est
1086 1007 1143 1094 (of.
1168 1009 1236 1094 fgg.
1258 1009 1322 1074 ine.

205 1095 421 1196 XI—XIII);
456 1131 530 1174 cum
552 1108 757 1194 logistorioos
782 1121 859 1176 tune
886 1108 1040 1197 temporis
1069 1109 1175 1175 adhuc
1198 1111 1233 1174 in
1260 1133 1323 1176 usu

204 1212 307 1276 fuisse
331 1221 363 1276 et
386 1211 591 1297 Augustinus
616 1210 733 1277 doceat
755 1212 812 1298 qui
835 1209 1010 1276 Curionem
1031 1212 1248 1298 pertrectauit
1270 1233 1322 1276 ao·

205 1313 411 1380 curatissime
442 1323 475 1378 et
497 1312 651 1379 Sidonius
675 1313 877 1398 Apollinaris
907 1336 980 1400 epp.
1004 1312 1089 1378 VIII
1112 1322 1131 1384 6
1159 1314 1202 1378 ad
1224 1313 1321 1378 Nam·

204 1414 341 1481 matium
379 1415 525 1484 scribens
565 1421 757 1482 ‘Varronem
785 1422 988 1494 locatoricom
1023 1423 1102 1482 sicut
1134 1437 1321 1496 poposceras

204 1529 233 1584 ct
247 1523 409 1583 Eusebium
430 1523 699 1597 chronoprcptom
721 1523 810 1582 mist'
856 1515 922 1598 Qui
944 1539 1022 1582 uero
1046 1517 1223 1584 sententias
1239 1518 1322 1582 Var-

204 1620 294 1687 ronis
318 1641 402 1706 quae
426 1618 578 1684 dicuntur
601 1617 748 1704 collegit,
780 1639 853 1682 eum
887 1653 929 1668 -
962 1618 1144 1705 siquidem
1171 1628 1259 1685 recto
1282 1618 1322 1684 do

203 1723 249 1787 eis
271 1723 307 1786 in
328 1719 532 1808 praefatione
548 1720 671 1786 dictum
694 1731 745 1788 est
758 1757 801 1768 -
816 1729 944 1786 saturas
968 1743 1095 1808 quoque
1118 1719 1244 1809 aliquas
1268 1743 1322 1786 ex·

204 1823 365 1911 carpsisse
388 1833 439 1890 ost
452 1822 524 1888 ueri
546 1821 667 1906 simile;
695 1821 741 1886 nil
763 1832 872 1888 autem
894 1845 933 1888 ea
954 1846 989 1888 re
1011 1845 1070 1888 nos
1094 1823 1252 1910 proficere
1275 1822 1320 1888 fa·

202 1925 339 1993 tendum
362 1933 429 2007 est,
453 1946 526 1989 cum
547 1924 687 2010 tempori
710 1924 814 1990 cuiuis
836 1924 922 1990 inter
944 1922 1104 1991 Varronis
1127 1924 1196 1990 fere
1218 1923 1322 2013 ipsius

202 2036 345 2094 aetatem
368 2034 400 2091 et
423 2048 544 2091 annum
564 2049 597 2114 p.
621 2025 696 2097 chr.
720 2035 782 2098 529
811 2049 885 2092 eum
913 2026 1103 2093 adtribuere
1130 2025 1237 2093 liceat.
1281 2027 1323 2092 In

201 2129 395 2194 uniuersum
416 2137 527 2194 autem
549 2128 611 2194 hoo
633 2127 866 2194 affirmandum
889 2138 956 2212 est,
979 2128 1172 2215 Menippeas
1196 2136 1228 2192 ot
1248 2150 1321 2214 pro-

202 2239 274 2319 ptor
297 2228 511 2296 difficultates
533 2230 709 2297 uerborum
732 2239 764 2296 et
787 2231 821 2294 in
842 2229 1052 2316 pedestribus
1069 2227 1200 2314 quidem
1222 2229 1321 2315 parti·

201 2335 262 2400 bus
287 2341 423 2420 propter
446 2331 687 2420 simplieitatem
704 2331 846 2416 dicendi,
870 2352 953 2419 quae
968 2340 1143 2417 postquam
1158 2328 1320 2396 rhetorico

200 2434 410 2501 flosculorum
433 2444 559 2501 tumore
588 2434 753 2502 abstinere
781 2433 958 2520 scriptores
981 2429 1128 2519 plerique
1152 2430 1321 2498 desierunt

201 2560 258 2624 pro
282 2533 364 2601 exili
385 2537 539 2602 ariditate
559 2536 759 2619 habebatur,
782 2536 816 2600 in
837 2535 1016 2602 multorum
1029 2555 1144 2598 manus
1159 2555 1320 2618 nusquam

199 2639 332 2703 uenisse
367 2638 561 2725 codicesque
593 2660 705 2702 earum
741 2636 899 2725 paulatim
935 2636 1123 2700 imminutos
1155 2646 1319 2720 postremo

201 2740 333 2806 omnino
350 2741 535 2824 euanuisse,
558 2749 596 2806 ut
612 2740 774 2825 Gregorio
798 2738 907 2827 aliquo
931 2738 1085 2824 pontifice
1107 2738 1249 2802 maximo
1266 2737 1321 2822 qui

202 2863 256 2906 eos
280 2840 405 2908 deleret
430 2843 487 2927 (of.
512 2841 670 2910 Oehlerus
692 2867 725 2930 p.
749 2852 768 2912 4
790 2842 872 2930 not.)
895 2841 954 2906 uix
977 2863 1059 2927 opus
1083 2839 1192 2904 fuerit.
