3274 5296
317 404 380 450 Vlll
771 399 982 448 PRAEFATIO.

317 558 438 640 accepi.
487 555 741 638 Bambergensis
772 551 889 616 deinde
921 520 1203 639 libriscripturas
1232 577 1274 618 ex
1302 509 1432 619 lllfredi
1532 631 1535 636 Ι
1626 519 1627 580 3

316 669 521 738 Fleckeiseni
542 675 606 736 uiri
628 672 741 757 optimi
764 672 942 757 exemplari
964 671 1062 736 Nonii
1085 673 1301 737 transcribere
1329 673 1431 752 licuit,

316 794 369 857 cui
396 793 479 856 libro
508 790 690 856 simillimus
713 811 784 854 esse
811 790 943 854 uidetur
964 789 1068 854 codex
1089 789 1259 854 Leidensis
1282 799 1358 872 116,
1387 791 1430 856 ef.

263 949 269 957 .
316 911 482 975 adnotatio
518 909 559 976 ad
588 908 691 974 Medii
727 908 790 993 frg.
819 908 921 972 XVII
949 916 1085 993 111725
1119 907 1290 974 Harleiani
1324 918 1431 974 autem

315 1028 437 1094 codicis
461 1030 574 1114 (2719,
604 1026 726 1092 saeculi
752 1027 893 1091 fortasse
920 1026 988 1106 IX)
1016 1026 1104 1091 locos
1133 1027 1174 1091 ad
1207 1037 1334 1092 saturas
1361 1051 1431 1113 per-

315 1150 455 1212 tinentes
470 1146 715 1212 Maximilianus
728 1147 896 1211 Bonnetus
913 1146 1035 1210 amicus
1051 1145 1130 1210 milri
1152 1147 1338 1211 carissimus
1354 1147 1432 1212 dum

315 1267 455 1331 Londini
480 1275 631 1330 uersatur
660 1265 808 1351 quamuis
832 1265 966 1328 summis
990 1265 1061 1349 ipse
1090 1264 1245 1348 temporis
1271 1267 1431 1350 angustiis

315 1386 579 1471 circumscriptus
601 1393 708 1448 tamen
731 1403 834 1468 usque
857 1382 899 1447 ad
921 1404 953 1467 p.
979 1391 1038 1451 117
1060 1382 1161 1448 Mero.
1190 1385 1335 1467 integros
1357 1406 1431 1448 con-

315 1502 405 1584 tulit,
429 1504 632 1589 sequentium
655 1524 709 1566 eos
731 1510 858 1565 tantum
880 1523 1018 1588 quorum
1040 1499 1192 1566 lectiones
1216 1502 1347 1567 maioris
1367 1525 1432 1567 mo-

248 1639 252 1646 *
315 1623 416 1686 menti
432 1643 503 1686 1111
524 1622 553 1685 11
576 1621 805 1706 sigmficaram.
842 1619 895 1684 De
910 1619 1067 1684 Parisims
1091 1620 1229 1706 denique
1244 1620 1432 1686 Fridericus

316 1739 572 1824 Hagenbachius
595 1739 675 1805 mihi
697 1739 912 1803 amicissimus
935 1761 1040 1825 pauca
1055 1739 1240 1820 adnotauit‚
1264 1762 1347 1826 quae
1365 1741 1432 1804 suis

314 1857 394 1923 locis
416 1858 580 1935 inuenies3
607 1858 694 1922 unde
715 1856 776 1922 hoc
798 1865 948 1944 apparet,
972 1880 1037 1922 non
1059 1857 1152 1921 multi
1176 1879 1229 1922 eos
1254 1881 1326 1922 esse
1348 1862 1443 1944 proti

316 1979 373 2042 sed
391 1999 433 2042 ex
448 1977 603 2042 Leidensi
617 1976 670 2040 uel
686 1977 754 2040 eius
771 1975 933 2040 simillimo
949 1975 1005 2039 sed
1026 1975 1238 2060 neglegenter
1253 1977 1427 2042 deriuatos.

316 2095 398 2159 Nolo
420 2095 550 2182 quidem
570 2117 657 2160 nunc
680 2095 720 2159 de
742 2094 834 2159 libris
850 2093 1007 2158 Nonianis
1030 2093 1215 2178 disputare,
1238 2077 1431 2181 quod'com-
1473 2096 1476 2102 ’

314 2215 458 2278 modiore
471 2216 619 2312 xfortasse
648 2212 822 2299 aliquando
852 2213 922 2278 loco
953 2212 1074 2276 faciam
1104 2213 1243 2296 largiore
1271 2224 1432 2300 apparatu

313 2334 507 2415 instructum
529 2331 610 2397 haec
633 2340 759 2396 tantum
780 2333 866 2413 dico,
890 2330 1185 2416 Guelferbytanum
1201 2332 1344 2402 codicem
1360 2333 1431 2418 (W)

314 2473 389 2515 cum
410 2450 580 2516 Harleiani
603 2450 665 2535 (H)
688 2472 786 2514 manu
810 2451 952 2514 secunda
978 2450 1055 2514 fere·
1070 2451 1264 2531 consentire,
1295 2451 1432 2516 Leiden-

315 2591 382 2632 sem
411 2567 466 2654 (L)
493 2569 536 2633 ad
563 2568 734 2649 Harleiani
765 2570 904 2652 primam
930 2590 1063 2632 manum
1098 2570 1232 2654 propius
1268 2571 1431 2652 accedere,

314 2708 398 2772 quae
421 2695 529 2749 tamen
551 2708 615 2751 non
635 2683 709 2750 raro
733 2707 753 2748 1
773 2686 907 2772 reliquis
924 2686 1072 2774 omnibus
1095 2687 1226 2751 diuersa
1247 2687 1338 2753 libris
1354 2689 1431 2754 Hel-

244 2797 252 2808 ’
314 2805 429 2869 ueticis
452 2826 472 2867 a
493 2802 612 2868 Rothio
636 2812 668 2868 et
690 2802 864 2868 Gerlachio
893 2805 1015 2890 passim
1043 2803 1160 2869 adlatis
1187 2805 1350 2872 sirmllima
1372 2817 1430 2872 est.

313 2922 566 3006 Bambergensis
591 2921 648 3008 (B)
672 2923 827 3008 denique,
850 2944 947 3009 quem
968 2924 1064 2988 nimis
1087 2922 1221 2989 laudare
1243 2925 1333 3007 nolo,
1357 2947 1431 2990 cum

313 3040 403 3105 nullo
427 3040 557 3104 illorum
579 3049 650 3106 1111
672 3042 863 3106 coniunctus
886 3050 946 3105 est.

256 3176 258 3180 ’
377 3157 439 3224 His
468 3159 570 3244 igitur
598 3159 754 3225 subsidiis
784 3164 961 3225 instructus
986 3161 1075 3225 ‘hanc
1104 3137 1278 3226 editionem
1306 3167 1430 3249 param,

316 3278 356 3341 de
379 3300 444 3363 qna
466 3277 621 3342 nonnulla
643 3299 729 3341 nnnc
751 3277 894 3362 praefari
922 3279 1021 3344 lubet.
1066 3279 1112 3344 Et
1139 3281 1278 3366 primum
1300 3282 1431 3368 quidem

312 3396 374 3462 hoc
397 3397 495 3461 uelim
517 3395 663 3482 legentes
680 3397 786 3460 animo
809 3404 956 3478 teneant,
979 3419 1030 3461 me
1052 3399 1086 3462 in
1107 3399 1299 3484 fragmentis
1317 3400 1430 3465 ordine

313 3514 521 3600 disponendis
544 3537 609 3580 non
630 3513 712 3579 illud
734 3513 878 3580 uoluisse
900 3515 1045 3597 efficere,
1068 3526 1105 3581 ut
1126 3519 1297 3604 pristinum
1319 3541 1431 3583 eorum

231 3669 238 3678 =
312 3634 347 3695 in
383 3635 502 3697 saturis
539 3634 686 3699 ordinem
716 3649 941 3719 recuperarem
976 3635 1054 3722 (quo
1094 3636 1208 3701 labore
1240 3638 1312 3722 quis
1345 3638 1431 3703 foret

313 3749 520 3834 audaciori),
547 3751 851 3832 11111111111111111,
875 3763 912 3818 ut
934 3755 961 3819 si
987 3754 1081 3840 plura
1102 3754 1286 3838 fragmenta
1308 3755 1428 3820 similes

312 3890 364 3932 res
393 3876 586 3950 tractarent,
616 3891 655 3934 ea
683 3871 849 3956 aptissimo
872 3872 971 3937 rebus
999 3873 1111 3936 ordine
1139 3893 1210 3936 sese
1240 3876 1436 3960 exciperent.

223 3969 226 3976 ¹
313 3987 507 4073 omninoque
535 3997 573 4052 ut
599 3988 657 4053 ubi
691 3981 986 4076 [111111111111111
1016 3997 1165 4054 extarent
1192 3991 1337 4056 ordinem
1364 4014 1428 4057 non

312 4106 368 4189 qui
395 4106 512 4170 fuisset
540 4105 598 4170 sed
626 4108 682 4192 qui
708 4129 778 4170 esse
804 4107 967 4192 potuisset
993 4109 1209 4174 instituerem.
1253 4111 1294 4175 In
1315 4112 1429 4176 critica

312 4231 420 4286 autem
436 4224 642 4290 adnotatione
663 4225 725 4290 hoc
748 4225 895 4311 inprimis
919 4225 987 4310 egi,
1011 4235 1048 4292 ut
1070 4227 1218 4294 codicum
1234 4230 1427 4315 scripturam

1628 2903 1629 2916 1

1563 3505 1574 3524 μ

1628 3759 1629 3776 1

1628 3943 1629 3966 1
