<?xml version="1.0" encoding="UTF-8"?>
<!DOCTYPE html PUBLIC "-//W3C//DTD XHTML 1.0 Transitional//EN"
    "http://www.w3.org/TR/xhtml1/DTD/xhtml1-transitional.dtd">
<html xmlns="http://www.w3.org/1999/xhtml" xml:lang="en" lang="en">
 <head>
  <title>
</title>
<meta http-equiv="Content-Type" content="text/html;charset=utf-8" />
  <meta name='ocr-system' content='tesseract 3.04.00' />
  <meta name='ocr-capabilities' content='ocr_page ocr_carea ocr_par ocr_line ocrx_word'/>
</head>
<body>
  <div class='ocr_page' id='page_1' title='image "./mterentivarroni00riesgoog/mterentivarroni00riesgoog_0069.png"; bbox 0 0 3274 5296; ppageno 0'>
   <div class='ocr_carea' id='block_1_1' title="bbox 364 406 1008 471">
    <p class='ocr_par' dir='ltr' id='par_1_1' title="bbox 364 406 1008 471">
     <span class='ocr_line' id='line_1_1' title="bbox 364 406 1008 471; baseline -0.002 -2"><span class='ocrx_word' id='word_1_1' title='bbox 364 406 407 471; x_wconf 87' lang='grc'>48</span> <span class='ocrx_word' id='word_1_2' title='bbox 840 412 969 468; x_wconf 76' lang='lat' dir='ltr'>CAPVT</span> <span class='ocrx_word' id='word_1_3' title='bbox 998 414 1008 468; x_wconf 91' lang='lat'>1</span> 
     </span>
    </p>
   </div>
   <div class='ocr_carea' id='block_1_2' title="bbox 363 573 1482 1162">
    <p class='ocr_par' dir='ltr' id='par_1_2' title="bbox 363 573 1482 1162">
     <span class='ocr_line' id='line_1_2' title="bbox 365 573 1481 662; baseline 0.003 -25"><span class='ocrx_word' id='word_1_4' title='bbox 365 575 412 639; x_wconf 88' lang='lat' dir='ltr'>les</span> <span class='ocrx_word' id='word_1_5' title='bbox 441 597 603 658; x_wconf 82' lang='lat' dir='ltr'>ouvrages</span> <span class='ocrx_word' id='word_1_6' title='bbox 633 575 675 638; x_wconf 88' lang='lat' dir='ltr'>de</span> <span class='ocrx_word' id='word_1_7' title='bbox 696 574 743 640; x_wconf 87' lang='lat' dir='ltr'>M.</span> <span class='ocrx_word' id='word_1_8' title='bbox 766 575 806 637; x_wconf 87' lang='grc' dir='ltr'>Τ.</span> <span class='ocrx_word' id='word_1_9' title='bbox 836 573 912 658; x_wconf 72' lang='lat' dir='ltr'>(sict</span> <span class='ocrx_word' id='word_1_10' title='bbox 935 575 1096 656; x_wconf 84' lang='lat' dir='ltr'>Varron&#39;,</span> <span class='ocrx_word' id='word_1_11' title='bbox 1125 597 1164 638; x_wconf 84' lang='lat' dir='ltr'>ea</span> <span class='ocrx_word' id='word_1_12' title='bbox 1185 597 1217 660; x_wconf 91' lang='lat' dir='ltr'>p.</span> <span class='ocrx_word' id='word_1_13' title='bbox 1242 584 1281 645; x_wconf 85' lang='lat'>39</span> <span class='ocrx_word' id='word_1_14' title='bbox 1305 574 1481 662; x_wconf 85' lang='lat' dir='ltr'>appellarit</span> 
     </span>
     <span class='ocr_line' id='line_1_3' title="bbox 365 666 1481 763; baseline 0.002 -24"><span class='ocrx_word' id='word_1_15' title='bbox 365 676 616 760; x_wconf 71' lang='lat' dir='ltr'>‘dingenieuses</span> <span class='ocrx_word' id='word_1_16' title='bbox 645 679 874 763; x_wconf 86' lang='lat' dir='ltr'>conjectures&#39;.</span> <span class='ocrx_word' id='word_1_17' title='bbox 919 666 1118 749; x_wconf 79' lang='grc' dir='ltr'><strong><em>Ἱπποκύνος</em></strong></span> <span class='ocrx_word' id='word_1_18' title='bbox 1145 679 1231 740; x_wconf 91' lang='lat' dir='ltr'>enim</span> <span class='ocrx_word' id='word_1_19' title='bbox 1258 676 1481 760; x_wconf 82' lang='lat' dir='ltr'><strong>fragmentum</strong></span> 
     </span>
     <span class='ocr_line' id='line_1_4' title="bbox 365 777 1482 857; baseline 0.003 -17"><span class='ocrx_word' id='word_1_20' title='bbox 365 781 568 857; x_wconf 77' lang='lat' dir='ltr'>‘Apollonium</span> <span class='ocrx_word' id='word_1_21' title='bbox 584 783 652 841; x_wconf 82' lang='lat' dir='ltr'>idco</span> <span class='ocrx_word' id='word_1_22' title='bbox 667 784 839 852; x_wconf 79' lang='lat' dir='ltr'>excoriant,</span> <span class='ocrx_word' id='word_1_23' title='bbox 864 784 938 855; x_wconf 78' lang='lat' dir='ltr'>quio</span> <span class='ocrx_word' id='word_1_24' title='bbox 952 782 1030 841; x_wconf 74' lang='lat' dir='ltr'>nihil</span> <span class='ocrx_word' id='word_1_25' title='bbox 1043 783 1185 842; x_wconf 80' lang='lat' dir='ltr'>habebat&#39;</span> <span class='ocrx_word' id='word_1_26' title='bbox 1208 800 1275 842; x_wconf 91' lang='lat' dir='ltr'>non</span> <span class='ocrx_word' id='word_1_27' title='bbox 1287 777 1482 843; x_wconf 85' lang='lat' dir='ltr'>illustratur</span> 
     </span>
     <span class='ocr_line' id='line_1_5' title="bbox 364 875 1480 964; baseline 0 -22"><span class='ocrx_word' id='word_1_28' title='bbox 364 877 505 963; x_wconf 82' lang='lat' dir='ltr'>epistula</span> <span class='ocrx_word' id='word_1_29' title='bbox 527 877 694 942; x_wconf 83' lang='lat' dir='ltr'>Ciceronis</span> <span class='ocrx_word' id='word_1_30' title='bbox 717 877 761 942; x_wconf 88' lang='lat' dir='ltr'>ad</span> <span class='ocrx_word' id='word_1_31' title='bbox 783 875 853 942; x_wconf 89' lang='lat' dir='ltr'>Att.</span> <span class='ocrx_word' id='word_1_32' title='bbox 877 877 928 942; x_wconf 88' lang='lat' dir='ltr'>IV</span> <span class='ocrx_word' id='word_1_33' title='bbox 951 891 988 960; x_wconf 85' lang='lat'>7,</span> <span class='ocrx_word' id='word_1_34' title='bbox 1013 889 1048 961; x_wconf 90' lang='lat'>1,</span> <span class='ocrx_word' id='word_1_35' title='bbox 1072 901 1137 964; x_wconf 89' lang='lat' dir='ltr'>qua</span> <span class='ocrx_word' id='word_1_36' title='bbox 1159 879 1289 943; x_wconf 82' lang='lat' dir='ltr'>scribit:</span> <span class='ocrx_word' id='word_1_37' title='bbox 1313 883 1364 943; x_wconf 75' lang='lat' dir='ltr'>‘de</span> <span class='ocrx_word' id='word_1_38' title='bbox 1385 885 1480 960; x_wconf 80' lang='lat' dir='ltr'>Apol&#39;·</span> 
     </span>
     <span class='ocr_line' id='line_1_6' title="bbox 363 985 1480 1060; baseline 0.003 -17"><span class='ocrx_word' id='word_1_39' title='bbox 363 987 445 1044; x_wconf 77' lang='lat' dir='ltr'>losio</span> <span class='ocrx_word' id='word_1_40' title='bbox 467 986 550 1060; x_wconf 81' lang='lat' dir='ltr'>quod</span> <span class='ocrx_word' id='word_1_41' title='bbox 568 986 691 1058; x_wconf 77' lang='lat' dir='ltr'>scribis,</span> <span class='ocrx_word' id='word_1_42' title='bbox 719 986 772 1058; x_wconf 81' lang='lat' dir='ltr'>qui</span> <span class='ocrx_word' id='word_1_43' title='bbox 792 985 839 1042; x_wconf 76' lang='lat' dir='ltr'>ille·</span> <span class='ocrx_word' id='word_1_44' title='bbox 860 985 894 1042; x_wconf 82' lang='lat' dir='ltr'>di</span> <span class='ocrx_word' id='word_1_45' title='bbox 912 987 1004 1044; x_wconf 75' lang='lat' dir='ltr'>irati!</span> <span class='ocrx_word' id='word_1_46' title='bbox 1038 985 1154 1043; x_wconf 77' lang='lat' dir='ltr'>homini</span> <span class='ocrx_word' id='word_1_47' title='bbox 1174 987 1309 1060; x_wconf 83' lang='lat' dir='ltr'>Gracco,</span> <span class='ocrx_word' id='word_1_48' title='bbox 1337 990 1391 1060; x_wconf 81' lang='lat' dir='ltr'>qui</span> <span class='ocrx_word' id='word_1_49' title='bbox 1409 1004 1480 1046; x_wconf 84' lang='lat' dir='ltr'>con-</span> 
     </span>
     <span class='ocr_line' id='line_1_7' title="bbox 363 1087 1481 1162; baseline 0.001 -17"><span class='ocrx_word' id='word_1_50' title='bbox 363 1087 490 1145; x_wconf 80' lang='lat' dir='ltr'>turbare</span> <span class='ocrx_word' id='word_1_51' title='bbox 510 1088 628 1162; x_wconf 78' lang='lat' dir='ltr'>quidem</span> <span class='ocrx_word' id='word_1_52' title='bbox 644 1092 738 1160; x_wconf 84' lang='lat' dir='ltr'>putot</span> <span class='ocrx_word' id='word_1_53' title='bbox 757 1087 816 1145; x_wconf 79' lang='lat' dir='ltr'>sibi</span> <span class='ocrx_word' id='word_1_54' title='bbox 835 1088 937 1157; x_wconf 82' lang='lat' dir='ltr'>licere,</span> <span class='ocrx_word' id='word_1_55' title='bbox 962 1087 1045 1160; x_wconf 80' lang='lat' dir='ltr'>quod</span> <span class='ocrx_word' id='word_1_56' title='bbox 1064 1087 1211 1161; x_wconf 78' lang='lat' dir='ltr'>equitibus</span> <span class='ocrx_word' id='word_1_57' title='bbox 1225 1087 1390 1146; x_wconf 79' lang='lat' dir='ltr'>Romanis:</span> <span class='ocrx_word' id='word_1_58' title='bbox 1410 1103 1481 1147; x_wconf 85' lang='lat' dir='ltr'>nom</span> 
     </span>
    </p>
   </div>
   <div class='ocr_carea' id='block_1_3' title="bbox 364 1179 1561 1878">
    <p class='ocr_par' dir='ltr' id='par_1_3' title="bbox 364 1179 1561 1878">
     <span class='ocr_line' id='line_1_8' title="bbox 367 1179 1480 1269; baseline 0.001 -23"><span class='ocrx_word' id='word_1_59' title='bbox 367 1187 526 1247; x_wconf 79' lang='lat' dir='ltr'><em>Terentius</em></span> <span class='ocrx_word' id='word_1_60' title='bbox 551 1205 606 1248; x_wconf 83' lang='lat' dir='ltr'>suo</span> <span class='ocrx_word' id='word_1_61' title='bbox 626 1191 716 1248; x_wconf 69' lang='lat' dir='ltr'>iure!</span> <span class='ocrx_word' id='word_1_62' title='bbox 772 1181 858 1246; x_wconf 85' lang='lat' dir='ltr'>Nam</span> <span class='ocrx_word' id='word_1_63' title='bbox 881 1182 1075 1269; x_wconf 89' lang='lat' dir='ltr'>Apollonius</span> <span class='ocrx_word' id='word_1_64' title='bbox 1106 1179 1160 1246; x_wconf 87' lang='lat' dir='ltr'>ille</span> <span class='ocrx_word' id='word_1_65' title='bbox 1187 1205 1254 1248; x_wconf 90' lang='lat' dir='ltr'>non</span> <span class='ocrx_word' id='word_1_66' title='bbox 1282 1183 1480 1266; x_wconf 78' lang='lat' dir='ltr'>excoriatur,</span> 
     </span>
     <span class='ocr_line' id='line_1_9' title="bbox 365 1283 1561 1371; baseline -0.004 -23"><span class='ocrx_word' id='word_1_67' title='bbox 365 1283 424 1348; x_wconf 91' lang='lat' dir='ltr'>sed</span> <span class='ocrx_word' id='word_1_68' title='bbox 445 1286 516 1371; x_wconf 91' lang='lat' dir='ltr'>ipse</span> <span class='ocrx_word' id='word_1_69' title='bbox 539 1285 650 1350; x_wconf 90' lang='lat' dir='ltr'>nescio</span> <span class='ocrx_word' id='word_1_70' title='bbox 674 1283 753 1370; x_wconf 87' lang='lat' dir='ltr'>quid</span> <span class='ocrx_word' id='word_1_71' title='bbox 776 1283 966 1368; x_wconf 78' lang='lat' dir='ltr'>conturbat3</span> <span class='ocrx_word' id='word_1_72' title='bbox 990 1293 1087 1369; x_wconf 86' lang='lat' dir='ltr'>atque</span> <span class='ocrx_word' id='word_1_73' title='bbox 1110 1286 1139 1346; x_wconf 89' lang='lat' dir='ltr'>si</span> <span class='ocrx_word' id='word_1_74' title='bbox 1161 1284 1261 1348; x_wconf 86' lang='lat' dir='ltr'>etiam</span> <span class='ocrx_word' id='word_1_75' title='bbox 1276 1286 1480 1349; x_wconf 86' lang='lat' dir='ltr'>excuriatum</span> <span class='ocrx_word' id='word_1_76' title='bbox 1556 1335 1561 1343; x_wconf 93' lang='lat'>.</span> 
     </span>
     <span class='ocr_line' id='line_1_10' title="bbox 364 1384 1481 1471; baseline 0.003 -24"><span class='ocrx_word' id='word_1_77' title='bbox 364 1384 456 1449; x_wconf 90' lang='lat' dir='ltr'>illum</span> <span class='ocrx_word' id='word_1_78' title='bbox 478 1385 610 1451; x_wconf 89' lang='lat' dir='ltr'>Atticus</span> <span class='ocrx_word' id='word_1_79' title='bbox 633 1386 718 1448; x_wconf 86' lang='lat' dir='ltr'>forte</span> <span class='ocrx_word' id='word_1_80' title='bbox 741 1385 921 1471; x_wconf 84' lang='lat' dir='ltr'>scripserat</span> <span class='ocrx_word' id='word_1_81' title='bbox 950 1384 1006 1470; x_wconf 86' lang='lat' dir='ltr'>(de</span> <span class='ocrx_word' id='word_1_82' title='bbox 1028 1407 1150 1471; x_wconf 89' lang='lat' dir='ltr'>quare</span> <span class='ocrx_word' id='word_1_83' title='bbox 1172 1385 1220 1447; x_wconf 92' lang='lat' dir='ltr'>nil</span> <span class='ocrx_word' id='word_1_84' title='bbox 1241 1386 1330 1470; x_wconf 87' lang='lat' dir='ltr'>apud</span> <span class='ocrx_word' id='word_1_85' title='bbox 1353 1386 1481 1451; x_wconf 80' lang='lat' dir='ltr'>Cicero-</span> 
     </span>
     <span class='ocr_line' id='line_1_11' title="bbox 365 1485 1480 1573; baseline 0 -23"><span class='ocrx_word' id='word_1_86' title='bbox 365 1487 470 1572; x_wconf 82' lang='lat' dir='ltr'>nem),</span> <span class='ocrx_word' id='word_1_87' title='bbox 498 1510 565 1552; x_wconf 91' lang='lat' dir='ltr'>non</span> <span class='ocrx_word' id='word_1_88' title='bbox 587 1487 664 1573; x_wconf 90' lang='lat' dir='ltr'>quia</span> <span class='ocrx_word' id='word_1_89' title='bbox 684 1485 767 1550; x_wconf 89' lang='lat' dir='ltr'>nihil</span> <span class='ocrx_word' id='word_1_90' title='bbox 788 1486 947 1567; x_wconf 87' lang='lat' dir='ltr'>habebat,</span> <span class='ocrx_word' id='word_1_91' title='bbox 977 1485 1036 1551; x_wconf 87' lang='lat' dir='ltr'>sed</span> <span class='ocrx_word' id='word_1_92' title='bbox 1064 1487 1141 1572; x_wconf 89' lang='lat' dir='ltr'>quia</span> <span class='ocrx_word' id='word_1_93' title='bbox 1164 1487 1390 1570; x_wconf 86' lang='lat' dir='ltr'>conturbauit,</span> <span class='ocrx_word' id='word_1_94' title='bbox 1419 1486 1480 1550; x_wconf 91' lang='lat' dir='ltr'>hoc</span> 
     </span>
     <span class='ocr_line' id='line_1_12' title="bbox 364 1576 1480 1673; baseline -0.002 -21"><span class='ocrx_word' id='word_1_95' title='bbox 364 1590 489 1652; x_wconf 88' lang='lat' dir='ltr'>factum</span> <span class='ocrx_word' id='word_1_96' title='bbox 511 1588 619 1651; x_wconf 88' lang='lat' dir='ltr'>fuerit.</span> <span class='ocrx_word' id='word_1_97' title='bbox 664 1586 738 1651; x_wconf 88' lang='lat' dir='ltr'>Non</span> <span class='ocrx_word' id='word_1_98' title='bbox 761 1597 869 1651; x_wconf 89' lang='lat' dir='ltr'>autem</span> <span class='ocrx_word' id='word_1_99' title='bbox 892 1586 1022 1652; x_wconf 80' lang='lat' dir='ltr'>facilius</span> <span class='ocrx_word' id='word_1_100' title='bbox 1046 1610 1144 1673; x_wconf 88' lang='lat' dir='ltr'>quam</span> <span class='ocrx_word' id='word_1_101' title='bbox 1166 1576 1348 1651; x_wconf 81' lang='grc' dir='ltr'><em>Ἱπποκύνα</em></span> <span class='ocrx_word' id='word_1_102' title='bbox 1371 1588 1480 1652; x_wconf 86' lang='lat' dir='ltr'>Serra-</span> 
     </span>
     <span class='ocr_line' id='line_1_13' title="bbox 365 1687 1480 1776; baseline -0.002 -22"><span class='ocrx_word' id='word_1_103' title='bbox 365 1714 444 1755; x_wconf 90' lang='lat' dir='ltr'>num</span> <span class='ocrx_word' id='word_1_104' title='bbox 466 1713 550 1754; x_wconf 91' lang='lat' dir='ltr'>anno</span> <span class='ocrx_word' id='word_1_105' title='bbox 575 1711 633 1754; x_wconf 90' lang='lat' dir='ltr'>suo</span> <span class='ocrx_word' id='word_1_106' title='bbox 656 1689 890 1772; x_wconf 80' lang='lat' dir='ltr'>attribuemus3</span> <span class='ocrx_word' id='word_1_107' title='bbox 913 1688 1020 1753; x_wconf 91' lang='lat' dir='ltr'>nullus</span> <span class='ocrx_word' id='word_1_108' title='bbox 1045 1689 1131 1752; x_wconf 82' lang='lat' dir='ltr'>enim</span> <span class='ocrx_word' id='word_1_109' title='bbox 1154 1689 1265 1754; x_wconf 87' lang='lat' dir='ltr'>Attico</span> <span class='ocrx_word' id='word_1_110' title='bbox 1287 1687 1376 1753; x_wconf 88' lang='lat' dir='ltr'>locus</span> <span class='ocrx_word' id='word_1_111' title='bbox 1386 1690 1409 1776; x_wconf 90' lang='lat'>¹)</span> <span class='ocrx_word' id='word_1_112' title='bbox 1433 1689 1480 1772; x_wconf 86' lang='lat' dir='ltr'>fg.</span> 
     </span>
     <span class='ocr_line' id='line_1_14' title="bbox 364 1788 1478 1878; baseline 0 -22"><span class='ocrx_word' id='word_1_113' title='bbox 364 1793 426 1876; x_wconf 84' lang='lat' dir='ltr'>VI,</span> <span class='ocrx_word' id='word_1_114' title='bbox 450 1815 467 1856; x_wconf 92' lang='lat' dir='ltr'>e</span> <span class='ocrx_word' id='word_1_115' title='bbox 490 1814 554 1878; x_wconf 92' lang='lat' dir='ltr'>quo</span> <span class='ocrx_word' id='word_1_116' title='bbox 576 1791 707 1856; x_wconf 90' lang='lat' dir='ltr'>nomine</span> <span class='ocrx_word' id='word_1_117' title='bbox 724 1788 883 1855; x_wconf 85' lang='lat' dir='ltr'>Ochlerus</span> <span class='ocrx_word' id='word_1_118' title='bbox 904 1800 1033 1877; x_wconf 89' lang='lat' dir='ltr'>tempus</span> <span class='ocrx_word' id='word_1_119' title='bbox 1053 1791 1273 1877; x_wconf 86' lang='lat' dir='ltr'>quaesiuerat,</span> <span class='ocrx_word' id='word_1_120' title='bbox 1297 1791 1355 1854; x_wconf 87' lang='lat' dir='ltr'>sed</span> <span class='ocrx_word' id='word_1_121' title='bbox 1377 1789 1478 1856; x_wconf 87' lang='lat' dir='ltr'>Atilio</span> 
     </span>
    </p>
   </div>
   <div class='ocr_carea' id='block_1_4' title="bbox 363 1889 1480 3911">
    <p class='ocr_par' dir='ltr' id='par_1_4' title="bbox 363 1889 1480 3911">
     <span class='ocr_line' id='line_1_15' title="bbox 366 1889 1480 1980; baseline -0.004 -22"><span class='ocrx_word' id='word_1_122' title='bbox 366 1895 422 1980; x_wconf 92' lang='lat' dir='ltr'>qui</span> <span class='ocrx_word' id='word_1_123' title='bbox 449 1893 582 1958; x_wconf 87' lang='lat' dir='ltr'>uidetur</span> <span class='ocrx_word' id='word_1_124' title='bbox 609 1915 682 1956; x_wconf 86' lang='lat' dir='ltr'>esse</span> <span class='ocrx_word' id='word_1_125' title='bbox 705 1891 828 1956; x_wconf 89' lang='lat' dir='ltr'>Atilius</span> <span class='ocrx_word' id='word_1_126' title='bbox 851 1892 1011 1958; x_wconf 86' lang='lat' dir='ltr'>Serranus</span> <span class='ocrx_word' id='word_1_127' title='bbox 1040 1892 1125 1958; x_wconf 90' lang='lat' dir='ltr'>libro</span> <span class='ocrx_word' id='word_1_128' title='bbox 1154 1893 1411 1978; x_wconf 86' lang='lat' dir='ltr'>superscriptus,</span> <span class='ocrx_word' id='word_1_129' title='bbox 1444 1889 1480 1954; x_wconf 87' lang='lat' dir='ltr'>id</span> 
     </span>
     <span class='ocr_line' id='line_1_16' title="bbox 365 1993 1478 2082; baseline 0.004 -23"><span class='ocrx_word' id='word_1_130' title='bbox 365 1995 454 2082; x_wconf 87' lang='lat' dir='ltr'>quod</span> <span class='ocrx_word' id='word_1_131' title='bbox 469 1994 680 2060; x_wconf 89' lang='lat' dir='ltr'>Vollbehrius</span> <span class='ocrx_word' id='word_1_132' title='bbox 704 1994 785 2058; x_wconf 89' lang='lat' dir='ltr'>diar.</span> <span class='ocrx_word' id='word_1_133' title='bbox 809 1993 871 2058; x_wconf 91' lang='lat' dir='ltr'>litt.</span> <span class='ocrx_word' id='word_1_134' title='bbox 888 1994 989 2080; x_wconf 82' lang='lat' dir='ltr'>antiq.</span> <span class='ocrx_word' id='word_1_135' title='bbox 1014 2003 1094 2064; x_wconf 83' lang='grc'>1847</span> <span class='ocrx_word' id='word_1_136' title='bbox 1117 2017 1149 2080; x_wconf 82' lang='lat' dir='ltr'>p-</span> <span class='ocrx_word' id='word_1_137' title='bbox 1167 2003 1228 2062; x_wconf 80' lang='lat'>524</span> <span class='ocrx_word' id='word_1_138' title='bbox 1249 2004 1337 2058; x_wconf 78' lang='lat' dir='ltr'>recte</span> <span class='ocrx_word' id='word_1_139' title='bbox 1353 1994 1478 2058; x_wconf 74' lang='lat' dir='ltr'>statuit·</span> 
     </span>
     <span class='ocr_line' id='line_1_17' title="bbox 366 2083 1479 2180; baseline -0.005 -16"><span class='ocrx_word' id='word_1_140' title='bbox 366 2097 506 2164; x_wconf 87' lang='lat' dir='ltr'>Omnino</span> <span class='ocrx_word' id='word_1_141' title='bbox 529 2108 638 2162; x_wconf 90' lang='lat' dir='ltr'>autem</span> <span class='ocrx_word' id='word_1_142' title='bbox 659 2083 783 2160; x_wconf 87' lang='lat' dir='ltr'>insanit</span> <span class='ocrx_word' id='word_1_143' title='bbox 804 2094 973 2178; x_wconf 74' lang='lat' dir='ltr'>OehleruS,</span> <span class='ocrx_word' id='word_1_144' title='bbox 997 2096 1055 2160; x_wconf 90' lang='lat' dir='ltr'>ubi</span> <span class='ocrx_word' id='word_1_145' title='bbox 1077 2118 1119 2159; x_wconf 86' lang='lat' dir='ltr'>ex</span> <span class='ocrx_word' id='word_1_146' title='bbox 1141 2095 1204 2180; x_wconf 85' lang='lat' dir='ltr'>frg.</span> <span class='ocrx_word' id='word_1_147' title='bbox 1226 2096 1289 2159; x_wconf 91' lang='lat' dir='ltr'>inc.</span> <span class='ocrx_word' id='word_1_148' title='bbox 1308 2093 1380 2159; x_wconf 88' lang='lat' dir='ltr'>XII</span> <span class='ocrx_word' id='word_1_149' title='bbox 1402 2105 1479 2159; x_wconf 88' lang='lat' dir='ltr'>tem-</span> 
     </span>
     <span class='ocr_line' id='line_1_18' title="bbox 364 2195 1477 2284; baseline -0.002 -22"><span class='ocrx_word' id='word_1_150' title='bbox 364 2221 426 2284; x_wconf 91' lang='lat' dir='ltr'>pus</span> <span class='ocrx_word' id='word_1_151' title='bbox 443 2199 512 2263; x_wconf 91' lang='lat' dir='ltr'>eius</span> <span class='ocrx_word' id='word_1_152' title='bbox 540 2199 674 2264; x_wconf 85' lang='lat' dir='ltr'>definire</span> <span class='ocrx_word' id='word_1_153' title='bbox 700 2197 810 2263; x_wconf 87' lang='lat' dir='ltr'>audet.</span> <span class='ocrx_word' id='word_1_154' title='bbox 858 2197 1004 2260; x_wconf 89' lang='lat' dir='ltr'>Primum</span> <span class='ocrx_word' id='word_1_155' title='bbox 1030 2197 1115 2261; x_wconf 91' lang='lat' dir='ltr'>enim</span> <span class='ocrx_word' id='word_1_156' title='bbox 1142 2195 1212 2260; x_wconf 90' lang='lat' dir='ltr'>sola</span> <span class='ocrx_word' id='word_1_157' title='bbox 1236 2197 1339 2262; x_wconf 83' lang='lat' dir='ltr'>uerba</span> <span class='ocrx_word' id='word_1_158' title='bbox 1363 2203 1477 2260; x_wconf 76' lang='lat' dir='ltr'>‘hirun-</span> 
     </span>
     <span class='ocr_line' id='line_1_19' title="bbox 365 2297 1477 2386; baseline -0.005 -21"><span class='ocrx_word' id='word_1_159' title='bbox 365 2307 485 2365; x_wconf 75' lang='lat' dir='ltr'>dinibus</span> <span class='ocrx_word' id='word_1_160' title='bbox 506 2297 645 2381; x_wconf 76' lang='lat' dir='ltr'>hospitts&#39;</span> <span class='ocrx_word' id='word_1_161' title='bbox 672 2298 729 2385; x_wconf 85' lang='lat' dir='ltr'>(cf.</span> <span class='ocrx_word' id='word_1_162' title='bbox 747 2299 793 2384; x_wconf 84' lang='lat' dir='ltr'>fg.</span> <span class='ocrx_word' id='word_1_163' title='bbox 808 2300 871 2362; x_wconf 89' lang='lat' dir='ltr'>inc.</span> <span class='ocrx_word' id='word_1_164' title='bbox 894 2297 997 2386; x_wconf 84' lang='lat' dir='ltr'>XIII)</span> <span class='ocrx_word' id='word_1_165' title='bbox 1021 2297 1065 2362; x_wconf 86' lang='lat' dir='ltr'>ad</span> <span class='ocrx_word' id='word_1_166' title='bbox 1086 2298 1270 2362; x_wconf 86' lang='lat' dir='ltr'>Varronem</span> <span class='ocrx_word' id='word_1_167' title='bbox 1292 2298 1339 2363; x_wconf 92' lang='lat' dir='ltr'>ibi</span> <span class='ocrx_word' id='word_1_168' title='bbox 1361 2297 1477 2362; x_wconf 86' lang='lat' dir='ltr'>referri</span> 
     </span>
     <span class='ocr_line' id='line_1_20' title="bbox 365 2399 1480 2486; baseline -0.004 -19"><span class='ocrx_word' id='word_1_169' title='bbox 365 2403 557 2468; x_wconf 86' lang='lat' dir='ltr'>Krahnerus</span> <span class='ocrx_word' id='word_1_170' title='bbox 586 2401 683 2466; x_wconf 88' lang='lat' dir='ltr'>Varr.</span> <span class='ocrx_word' id='word_1_171' title='bbox 709 2401 806 2465; x_wconf 83' lang='lat' dir='ltr'>Curio</span> <span class='ocrx_word' id='word_1_172' title='bbox 834 2425 866 2486; x_wconf 89' lang='lat' dir='ltr'>p.</span> <span class='ocrx_word' id='word_1_173' title='bbox 889 2409 929 2470; x_wconf 83' lang='lat'>20</span> <span class='ocrx_word' id='word_1_174' title='bbox 958 2400 1144 2486; x_wconf 71' lang='lat' dir='ltr'>perspexit,</span> <span class='ocrx_word' id='word_1_175' title='bbox 1179 2400 1239 2464; x_wconf 89' lang='lat' dir='ltr'>sed</span> <span class='ocrx_word' id='word_1_176' title='bbox 1266 2399 1321 2464; x_wconf 90' lang='lat' dir='ltr'>fac</span> <span class='ocrx_word' id='word_1_177' title='bbox 1347 2409 1385 2463; x_wconf 91' lang='lat' dir='ltr'>ut</span> <span class='ocrx_word' id='word_1_178' title='bbox 1410 2409 1480 2464; x_wconf 86' lang='lat' dir='ltr'>tota</span> 
     </span>
     <span class='ocr_line' id='line_1_21' title="bbox 367 2501 1478 2590; baseline -0.004 -22"><span class='ocrx_word' id='word_1_179' title='bbox 367 2505 530 2568; x_wconf 86' lang='lat' dir='ltr'>sententia</span> <span class='ocrx_word' id='word_1_180' title='bbox 553 2526 595 2567; x_wconf 84' lang='lat' dir='ltr'>ex</span> <span class='ocrx_word' id='word_1_181' title='bbox 616 2503 764 2567; x_wconf 88' lang='lat' dir='ltr'>Varrone</span> <span class='ocrx_word' id='word_1_182' title='bbox 787 2503 981 2590; x_wconf 89' lang='lat' dir='ltr'>deprompta</span> <span class='ocrx_word' id='word_1_183' title='bbox 1003 2501 1062 2584; x_wconf 90' lang='lat' dir='ltr'>sit,</span> <span class='ocrx_word' id='word_1_184' title='bbox 1098 2503 1177 2588; x_wconf 88' lang='lat' dir='ltr'>quid</span> <span class='ocrx_word' id='word_1_185' title='bbox 1205 2502 1281 2566; x_wconf 87' lang='lat' dir='ltr'>inde</span> <span class='ocrx_word' id='word_1_186' title='bbox 1310 2501 1478 2581; x_wconf 86' lang='lat' dir='ltr'>efficietur,</span> 
     </span>
     <span class='ocr_line' id='line_1_22' title="bbox 365 2603 1479 2691; baseline -0.001 -24"><span class='ocrx_word' id='word_1_187' title='bbox 365 2606 430 2668; x_wconf 92' lang='lat' dir='ltr'>nisi</span> <span class='ocrx_word' id='word_1_188' title='bbox 452 2606 609 2691; x_wconf 84' lang='lat' dir='ltr'>scriptam</span> <span class='ocrx_word' id='word_1_189' title='bbox 625 2626 696 2668; x_wconf 86' lang='lat' dir='ltr'>esse</span> <span class='ocrx_word' id='word_1_190' title='bbox 712 2615 885 2691; x_wconf 88' lang='lat' dir='ltr'>postquam</span> <span class='ocrx_word' id='word_1_191' title='bbox 899 2603 1103 2690; x_wconf 87' lang='lat' dir='ltr'>praedonum</span> <span class='ocrx_word' id='word_1_192' title='bbox 1118 2604 1356 2670; x_wconf 88' lang='lat' dir='ltr'>maritimorum</span> <span class='ocrx_word' id='word_1_193' title='bbox 1370 2613 1479 2668; x_wconf 87' lang='lat' dir='ltr'>uasta-</span> 
     </span>
     <span class='ocr_line' id='line_1_23' title="bbox 365 2705 1479 2793; baseline -0.004 -22"><span class='ocrx_word' id='word_1_194' title='bbox 365 2707 471 2772; x_wconf 89' lang='lat' dir='ltr'>tiones</span> <span class='ocrx_word' id='word_1_195' title='bbox 487 2707 551 2769; x_wconf 90' lang='lat' dir='ltr'>iam</span> <span class='ocrx_word' id='word_1_196' title='bbox 567 2707 781 2793; x_wconf 79' lang='lat' dir='ltr'>inceperunt?</span> <span class='ocrx_word' id='word_1_197' title='bbox 804 2715 934 2792; x_wconf 88' lang='lat' dir='ltr'>poterat</span> <span class='ocrx_word' id='word_1_198' title='bbox 956 2705 1060 2790; x_wconf 86' lang='lat' dir='ltr'>igitur</span> <span class='ocrx_word' id='word_1_199' title='bbox 1082 2716 1115 2770; x_wconf 87' lang='lat' dir='ltr'>et</span> <span class='ocrx_word' id='word_1_200' title='bbox 1137 2717 1213 2770; x_wconf 87' lang='lat' dir='ltr'>ante</span> <span class='ocrx_word' id='word_1_201' title='bbox 1236 2715 1269 2770; x_wconf 88' lang='lat' dir='ltr'>et</span> <span class='ocrx_word' id='word_1_202' title='bbox 1290 2716 1365 2792; x_wconf 90' lang='lat' dir='ltr'>post</span> <span class='ocrx_word' id='word_1_203' title='bbox 1386 2706 1479 2769; x_wconf 92' lang='lat' dir='ltr'>Pom-</span> 
     </span>
     <span class='ocr_line' id='line_1_24' title="bbox 366 2793 1478 2894; baseline -0.001 -22"><span class='ocrx_word' id='word_1_204' title='bbox 366 2810 419 2894; x_wconf 90' lang='lat' dir='ltr'>pei</span> <span class='ocrx_word' id='word_1_205' title='bbox 440 2806 563 2873; x_wconf 88' lang='lat' dir='ltr'>bellum</span> <span class='ocrx_word' id='word_1_206' title='bbox 585 2808 760 2894; x_wconf 89' lang='lat' dir='ltr'>piraticum</span> <span class='ocrx_word' id='word_1_207' title='bbox 783 2807 958 2890; x_wconf 86' lang='lat' dir='ltr'>conscribi,</span> <span class='ocrx_word' id='word_1_208' title='bbox 982 2793 1195 2894; x_wconf 81' lang='lat' dir='ltr'>omnibusque</span> <span class='ocrx_word' id='word_1_209' title='bbox 1211 2807 1368 2872; x_wconf 90' lang='lat' dir='ltr'>Varronis</span> <span class='ocrx_word' id='word_1_210' title='bbox 1391 2807 1478 2871; x_wconf 86' lang='lat' dir='ltr'>uitae</span> 
     </span>
     <span class='ocr_line' id='line_1_25' title="bbox 365 2907 1478 2990; baseline -0.001 -17"><span class='ocrx_word' id='word_1_211' title='bbox 365 2909 459 2974; x_wconf 87' lang='lat' dir='ltr'>annis</span> <span class='ocrx_word' id='word_1_212' title='bbox 483 2908 598 2973; x_wconf 88' lang='lat' dir='ltr'>codem</span> <span class='ocrx_word' id='word_1_213' title='bbox 619 2911 689 2976; x_wconf 89' lang='lat' dir='ltr'>iure</span> <span class='ocrx_word' id='word_1_214' title='bbox 712 2910 885 2975; x_wconf 89' lang='lat' dir='ltr'>tribuetur.</span> <span class='ocrx_word' id='word_1_215' title='bbox 919 2948 962 2956; x_wconf 89' lang='lat'><em>-</em></span> <span class='ocrx_word' id='word_1_216' title='bbox 993 2909 1066 2973; x_wconf 91' lang='lat' dir='ltr'>Hoc</span> <span class='ocrx_word' id='word_1_217' title='bbox 1092 2932 1194 2974; x_wconf 91' lang='lat' dir='ltr'>unum</span> <span class='ocrx_word' id='word_1_218' title='bbox 1223 2919 1363 2974; x_wconf 85' lang='lat' dir='ltr'>statuere</span> <span class='ocrx_word' id='word_1_219' title='bbox 1393 2907 1478 2990; x_wconf 84' lang='lat' dir='ltr'>licet,</span> 
     </span>
     <span class='ocr_line' id='line_1_26' title="bbox 365 3010 1479 3100; baseline 0 -26"><span class='ocrx_word' id='word_1_220' title='bbox 365 3010 567 3098; x_wconf 85' lang='lat' dir='ltr'>aliquantum</span> <span class='ocrx_word' id='word_1_221' title='bbox 581 3013 646 3076; x_wconf 92' lang='lat' dir='ltr'>iam</span> <span class='ocrx_word' id='word_1_222' title='bbox 661 3013 818 3100; x_wconf 87' lang='lat' dir='ltr'>temporis</span> <span class='ocrx_word' id='word_1_223' title='bbox 835 3021 910 3076; x_wconf 89' lang='lat' dir='ltr'>ante</span> <span class='ocrx_word' id='word_1_224' title='bbox 932 3035 962 3074; x_wconf 86' lang='lat' dir='ltr'>a.</span> <span class='ocrx_word' id='word_1_225' title='bbox 979 3018 1040 3081; x_wconf 85' lang='lat'>709</span> <span class='ocrx_word' id='word_1_226' title='bbox 1063 3034 1138 3075; x_wconf 88' lang='lat' dir='ltr'>eum</span> <span class='ocrx_word' id='word_1_227' title='bbox 1153 3022 1282 3076; x_wconf 88' lang='lat' dir='ltr'>saturas</span> <span class='ocrx_word' id='word_1_228' title='bbox 1297 3010 1479 3096; x_wconf 89' lang='lat' dir='ltr'>reliquisse,</span> 
     </span>
     <span class='ocr_line' id='line_1_27' title="bbox 365 3112 1478 3199; baseline -0.002 -23"><span class='ocrx_word' id='word_1_229' title='bbox 365 3134 428 3199; x_wconf 91' lang='lat' dir='ltr'>quo</span> <span class='ocrx_word' id='word_1_230' title='bbox 451 3136 536 3178; x_wconf 89' lang='lat' dir='ltr'>anno</span> <span class='ocrx_word' id='word_1_231' title='bbox 560 3114 672 3178; x_wconf 82' lang='lat' dir='ltr'>Cicero</span> <span class='ocrx_word' id='word_1_232' title='bbox 695 3113 834 3178; x_wconf 86' lang='lat' dir='ltr'>Acad.l</span> <span class='ocrx_word' id='word_1_233' title='bbox 857 3121 886 3196; x_wconf 81' lang='lat'>2,</span> <span class='ocrx_word' id='word_1_234' title='bbox 912 3123 930 3184; x_wconf 85' lang='lat'>8</span> <span class='ocrx_word' id='word_1_235' title='bbox 954 3136 1028 3177; x_wconf 92' lang='lat' dir='ltr'>eum</span> <span class='ocrx_word' id='word_1_236' title='bbox 1050 3123 1179 3178; x_wconf 87' lang='lat' dir='ltr'>saturas</span> <span class='ocrx_word' id='word_1_237' title='bbox 1203 3123 1319 3178; x_wconf 82' lang='lat' dir='ltr'>‘uetera</span> <span class='ocrx_word' id='word_1_238' title='bbox 1340 3120 1408 3178; x_wconf 83' lang='lat' dir='ltr'>suo’</span> <span class='ocrx_word' id='word_1_239' title='bbox 1432 3112 1478 3176; x_wconf 91' lang='lat' dir='ltr'>di-</span> 
     </span>
     <span class='ocr_line' id='line_1_28' title="bbox 365 3214 1479 3300; baseline -0.001 -21"><span class='ocrx_word' id='word_1_240' title='bbox 365 3224 492 3279; x_wconf 86' lang='lat' dir='ltr'>centem</span> <span class='ocrx_word' id='word_1_241' title='bbox 519 3214 667 3279; x_wconf 85' lang='lat' dir='ltr'>induxit:</span> <span class='ocrx_word' id='word_1_242' title='bbox 697 3239 775 3280; x_wconf 87' lang='lat' dir='ltr'>sane</span> <span class='ocrx_word' id='word_1_243' title='bbox 803 3225 881 3279; x_wconf 91' lang='lat' dir='ltr'>tunc</span> <span class='ocrx_word' id='word_1_244' title='bbox 908 3215 1157 3300; x_wconf 82' lang='lat' dir='ltr'>septuagenario</span> <span class='ocrx_word' id='word_1_245' title='bbox 1185 3215 1250 3278; x_wconf 90' lang='lat' dir='ltr'>iarn</span> <span class='ocrx_word' id='word_1_246' title='bbox 1272 3217 1377 3280; x_wconf 89' lang='lat' dir='ltr'>maior</span> <span class='ocrx_word' id='word_1_247' title='bbox 1399 3223 1479 3279; x_wconf 87' lang='lat' dir='ltr'>erat.</span> 
     </span>
     <span class='ocr_line' id='line_1_29' title="bbox 364 3315 1478 3403; baseline -0.002 -22"><span class='ocrx_word' id='word_1_248' title='bbox 364 3317 456 3382; x_wconf 87' lang='lat' dir='ltr'>Inter</span> <span class='ocrx_word' id='word_1_249' title='bbox 492 3327 675 3403; x_wconf 88' lang='lat' dir='ltr'>postremas</span> <span class='ocrx_word' id='word_1_250' title='bbox 712 3317 870 3403; x_wconf 87' lang='lat' dir='ltr'>pertinuit</span> <span class='ocrx_word' id='word_1_251' title='bbox 919 3315 1061 3380; x_wconf 81' lang='lat' dir='ltr'>fortasse</span> <span class='ocrx_word' id='word_1_252' title='bbox 1103 3339 1199 3403; x_wconf 89' lang='lat' dir='ltr'>quam</span> <span class='ocrx_word' id='word_1_253' title='bbox 1244 3317 1478 3402; x_wconf 87' lang='lat' dir='ltr'>sexagenarius</span> 
     </span>
     <span class='ocr_line' id='line_1_30' title="bbox 364 3417 1479 3505; baseline 0 -23"><span class='ocrx_word' id='word_1_254' title='bbox 364 3418 496 3484; x_wconf 89' lang='lat' dir='ltr'>uidetur</span> <span class='ocrx_word' id='word_1_255' title='bbox 518 3419 706 3505; x_wconf 87' lang='lat' dir='ltr'>scripsisse,</span> <span class='ocrx_word' id='word_1_256' title='bbox 731 3417 939 3502; x_wconf 83' lang='lat' dir='ltr'>Sexagessis‚</span> <span class='ocrx_word' id='word_1_257' title='bbox 964 3417 1006 3481; x_wconf 89' lang='lat' dir='ltr'>cf.</span> <span class='ocrx_word' id='word_1_258' title='bbox 1028 3417 1250 3482; x_wconf 85' lang='lat' dir='ltr'>Mommsenus</span> <span class='ocrx_word' id='word_1_259' title='bbox 1273 3417 1361 3482; x_wconf 89' lang='lat' dir='ltr'>Hist.</span> <span class='ocrx_word' id='word_1_260' title='bbox 1384 3418 1479 3482; x_wconf 84' lang='lat' dir='ltr'>Rom.</span> 
     </span>
     <span class='ocr_line' id='line_1_31' title="bbox 365 3518 1479 3608; baseline -0.001 -23"><span class='ocrx_word' id='word_1_261' title='bbox 365 3520 418 3586; x_wconf 90' lang='lat' dir='ltr'>Ill</span> <span class='ocrx_word' id='word_1_262' title='bbox 432 3544 465 3606; x_wconf 92' lang='lat' dir='ltr'>p.</span> <span class='ocrx_word' id='word_1_263' title='bbox 482 3530 543 3591; x_wconf 87' lang='grc'>594</span> <span class='ocrx_word' id='word_1_264' title='bbox 558 3528 641 3585; x_wconf 85' lang='lat' dir='ltr'>not:</span> <span class='ocrx_word' id='word_1_265' title='bbox 667 3519 732 3584; x_wconf 73' lang='lat' dir='ltr'>‘die</span> <span class='ocrx_word' id='word_1_266' title='bbox 750 3519 871 3585; x_wconf 83' lang='lat' dir='ltr'>Skizzc</span> <span class='ocrx_word' id='word_1_267' title='bbox 893 3519 1015 3604; x_wconf 85' lang='lat' dir='ltr'>gleicht</span> <span class='ocrx_word' id='word_1_268' title='bbox 1037 3519 1095 3583; x_wconf 82' lang='lat' dir='ltr'>der</span> <span class='ocrx_word' id='word_1_269' title='bbox 1116 3518 1378 3585; x_wconf 87' lang='lat' dir='ltr'>catilinarischen</span> <span class='ocrx_word' id='word_1_270' title='bbox 1392 3519 1479 3608; x_wconf 86' lang='lat' dir='ltr'>Zeit,</span> 
     </span>
     <span class='ocr_line' id='line_1_32' title="bbox 364 3620 1480 3706; baseline 0.001 -23"><span class='ocrx_word' id='word_1_271' title='bbox 364 3621 448 3684; x_wconf 87' lang='lat' dir='ltr'>kurz</span> <span class='ocrx_word' id='word_1_272' title='bbox 471 3620 555 3685; x_wconf 92' lang='lat' dir='ltr'>nach</span> <span class='ocrx_word' id='word_1_273' title='bbox 578 3620 717 3686; x_wconf 86' lang='lat' dir='ltr'>welcher</span> <span class='ocrx_word' id='word_1_274' title='bbox 740 3622 809 3706; x_wconf 90' lang='lat' dir='ltr'>(um</span> <span class='ocrx_word' id='word_1_275' title='bbox 825 3621 900 3706; x_wconf 83' lang='lat'>697)</span> <span class='ocrx_word' id='word_1_276' title='bbox 924 3621 972 3685; x_wconf 90' lang='lat' dir='ltr'>sie</span> <span class='ocrx_word' id='word_1_277' title='bbox 988 3620 1046 3684; x_wconf 89' lang='lat' dir='ltr'>der</span> <span class='ocrx_word' id='word_1_278' title='bbox 1061 3620 1126 3685; x_wconf 90' lang='lat' dir='ltr'>alte</span> <span class='ocrx_word' id='word_1_279' title='bbox 1141 3621 1244 3685; x_wconf 89' lang='lat' dir='ltr'>Mann</span> <span class='ocrx_word' id='word_1_280' title='bbox 1265 3621 1480 3706; x_wconf 84' lang='lat' dir='ltr'>geschrieben</span> 
     </span>
     <span class='ocr_line' id='line_1_33' title="bbox 363 3721 1478 3806; baseline 0.001 -21"><span class='ocrx_word' id='word_1_281' title='bbox 363 3722 472 3787; x_wconf 89' lang='lat' dir='ltr'>haben</span> <span class='ocrx_word' id='word_1_282' title='bbox 493 3728 608 3804; x_wconf 90' lang='lat' dir='ltr'>muss,&#39;</span> <span class='ocrx_word' id='word_1_283' title='bbox 631 3724 683 3786; x_wconf 89' lang='lat' dir='ltr'>cui</span> <span class='ocrx_word' id='word_1_284' title='bbox 704 3723 732 3786; x_wconf 91' lang='lat' dir='ltr'>si</span> <span class='ocrx_word' id='word_1_285' title='bbox 755 3745 797 3786; x_wconf 85' lang='lat' dir='ltr'>cx</span> <span class='ocrx_word' id='word_1_286' title='bbox 810 3721 931 3788; x_wconf 87' lang='lat' dir='ltr'>indolis</span> <span class='ocrx_word' id='word_1_287' title='bbox 947 3722 1159 3787; x_wconf 87' lang='lat' dir='ltr'>similitudine</span> <span class='ocrx_word' id='word_1_288' title='bbox 1176 3723 1369 3796; x_wconf 86' lang='lat' dir='ltr'>concludere</span> <span class='ocrx_word' id='word_1_289' title='bbox 1385 3722 1478 3806; x_wconf 85' lang='lat' dir='ltr'>uelis,</span> 
     </span>
     <span class='ocr_line' id='line_1_34' title="bbox 364 3821 1480 3911; baseline 0 -22"><span class='ocrx_word' id='word_1_290' title='bbox 364 3821 718 3902; x_wconf 77' lang='grc' dir='ltr'><em>Γεροντοδιδάσκαλος</em></span> <span class='ocrx_word' id='word_1_291' title='bbox 750 3825 819 3888; x_wconf 85' lang='lat' dir='ltr'>fere</span> <span class='ocrx_word' id='word_1_292' title='bbox 853 3823 999 3910; x_wconf 87' lang='lat' dir='ltr'>aequalis</span> <span class='ocrx_word' id='word_1_293' title='bbox 1029 3835 1108 3890; x_wconf 87' lang='lat' dir='ltr'>erat.</span> <span class='ocrx_word' id='word_1_294' title='bbox 1164 3825 1312 3889; x_wconf 85' lang='lat' dir='ltr'>Manium</span> <span class='ocrx_word' id='word_1_295' title='bbox 1340 3824 1480 3911; x_wconf 85' lang='lat' dir='ltr'>denique</span> 
     </span>
    </p>
   </div>
   <div class='ocr_carea' id='block_1_5' title="bbox 365 4098 1481 4421">
    <p class='ocr_par' dir='ltr' id='par_1_5' title="bbox 365 4098 1481 4421">
     <span class='ocr_line' id='line_1_35' title="bbox 452 4098 1479 4164; baseline 0.002 -16"><span class='ocrx_word' id='word_1_296' title='bbox 452 4099 475 4163; x_wconf 88' lang='lat'>1)</span> <span class='ocrx_word' id='word_1_297' title='bbox 497 4099 549 4162; x_wconf 77' lang='lat' dir='ltr'>Qui</span> <span class='ocrx_word' id='word_1_298' title='bbox 568 4101 593 4148; x_wconf 87' lang='lat' dir='ltr'>si</span> <span class='ocrx_word' id='word_1_299' title='bbox 611 4099 724 4163; x_wconf 85' lang='lat' dir='ltr'>inesset,</span> <span class='ocrx_word' id='word_1_300' title='bbox 744 4103 805 4164; x_wconf 88' lang='lat' dir='ltr'>post</span> <span class='ocrx_word' id='word_1_301' title='bbox 824 4115 849 4148; x_wconf 90' lang='lat' dir='ltr'>a.</span> <span class='ocrx_word' id='word_1_302' title='bbox 865 4115 890 4148; x_wconf 93' lang='lat' dir='ltr'>u.</span> <span class='ocrx_word' id='word_1_303' title='bbox 910 4099 960 4148; x_wconf 87' lang='grc'>689</span> <span class='ocrx_word' id='word_1_304' title='bbox 978 4098 1078 4147; x_wconf 89' lang='lat' dir='ltr'>librum</span> <span class='ocrx_word' id='word_1_305' title='bbox 1098 4099 1282 4164; x_wconf 86' lang='lat' dir='ltr'>conscriptum</span> <span class='ocrx_word' id='word_1_306' title='bbox 1303 4113 1362 4150; x_wconf 86' lang='lat' dir='ltr'>esse</span> <span class='ocrx_word' id='word_1_307' title='bbox 1382 4100 1479 4164; x_wconf 81' lang='lat' dir='ltr'>&#39;seque-</span> 
     </span>
     <span class='ocr_line' id='line_1_36' title="bbox 365 4183 1480 4249; baseline 0.003 -17"><span class='ocrx_word' id='word_1_308' title='bbox 365 4188 449 4248; x_wconf 84' lang='lat' dir='ltr'>retur,</span> <span class='ocrx_word' id='word_1_309' title='bbox 469 4200 520 4249; x_wconf 91' lang='lat' dir='ltr'>quo</span> <span class='ocrx_word' id='word_1_310' title='bbox 535 4199 607 4235; x_wconf 87' lang='lat' dir='ltr'>anno</span> <span class='ocrx_word' id='word_1_311' title='bbox 619 4184 727 4234; x_wconf 89' lang='lat' dir='ltr'>Atticus</span> <span class='ocrx_word' id='word_1_312' title='bbox 740 4184 853 4235; x_wconf 85' lang='lat' dir='ltr'>Romam</span> <span class='ocrx_word' id='word_1_313' title='bbox 872 4183 1015 4248; x_wconf 82' lang='lat' dir='ltr'>migrauit,</span> <span class='ocrx_word' id='word_1_314' title='bbox 1037 4199 1120 4247; x_wconf 88' lang='lat' dir='ltr'>quare</span> <span class='ocrx_word' id='word_1_315' title='bbox 1140 4187 1177 4232; x_wconf 81' lang='lat' dir='ltr'>‘io</span> <span class='ocrx_word' id='word_1_316' title='bbox 1195 4187 1289 4234; x_wconf 70' lang='lat' dir='ltr'>citriam</span> <span class='ocrx_word' id='word_1_317' title='bbox 1308 4188 1397 4234; x_wconf 81' lang='lat' dir='ltr'>lectus’</span> <span class='ocrx_word' id='word_1_318' title='bbox 1418 4201 1480 4235; x_wconf 86' lang='lat' dir='ltr'>esse</span> 
     </span>
     <span class='ocr_line' id='line_1_37' title="bbox 365 4268 1481 4335; baseline 0.004 -19"><span class='ocrx_word' id='word_1_319' title='bbox 365 4283 419 4318; x_wconf 90' lang='lat' dir='ltr'>non</span> <span class='ocrx_word' id='word_1_320' title='bbox 442 4269 531 4335; x_wconf 89' lang='lat' dir='ltr'>potuit</span> <span class='ocrx_word' id='word_1_321' title='bbox 553 4274 644 4320; x_wconf 86' lang='lat' dir='ltr'>antea.</span> <span class='ocrx_word' id='word_1_322' title='bbox 682 4269 737 4318; x_wconf 83' lang='lat' dir='ltr'>Sed</span> <span class='ocrx_word' id='word_1_323' title='bbox 760 4275 834 4320; x_wconf 75' lang='lat' dir='ltr'>‘curo</span> <span class='ocrx_word' id='word_1_324' title='bbox 857 4271 1009 4318; x_wconf 78' lang='lat' dir='ltr'>mucescere’</span> <span class='ocrx_word' id='word_1_325' title='bbox 1040 4269 1068 4316; x_wconf 92' lang='lat' dir='ltr'>in</span> <span class='ocrx_word' id='word_1_326' title='bbox 1095 4274 1193 4318; x_wconf 81' lang='lat' dir='ltr'>senatu</span> <span class='ocrx_word' id='word_1_327' title='bbox 1218 4268 1293 4320; x_wconf 87' lang='lat' dir='ltr'>illius</span> <span class='ocrx_word' id='word_1_328' title='bbox 1315 4285 1369 4320; x_wconf 90' lang='lat' dir='ltr'>non</span> <span class='ocrx_word' id='word_1_329' title='bbox 1393 4271 1481 4320; x_wconf 84' lang='lat' dir='ltr'>fuisse</span> 
     </span>
     <span class='ocr_line' id='line_1_38' title="bbox 366 4351 892 4421; baseline 0.01 -21"><span class='ocrx_word' id='word_1_330' title='bbox 366 4351 436 4403; x_wconf 83' lang='lat' dir='ltr'>bene</span> <span class='ocrx_word' id='word_1_331' title='bbox 456 4355 565 4416; x_wconf 88' lang='lat' dir='ltr'>scimus,</span> <span class='ocrx_word' id='word_1_332' title='bbox 586 4356 622 4408; x_wconf 88' lang='lat' dir='ltr'>of.</span> <span class='ocrx_word' id='word_1_333' title='bbox 639 4356 732 4421; x_wconf 83' lang='lat' dir='ltr'>Nepos</span> <span class='ocrx_word' id='word_1_334' title='bbox 751 4353 806 4404; x_wconf 83' lang='lat' dir='ltr'>Att.</span> <span class='ocrx_word' id='word_1_335' title='bbox 825 4371 849 4406; x_wconf 89' lang='lat' dir='ltr'>c.</span> <span class='ocrx_word' id='word_1_336' title='bbox 868 4355 892 4406; x_wconf 79' lang='lat'>6.</span> 
     </span>
    </p>
   </div>
   <div class='ocr_carea' id='block_1_6' title="bbox 0 0 1643 5296">
    <p class='ocr_par' dir='ltr' id='par_1_6' title="bbox 0 0 1643 5296">
     <span class='ocr_line' id='line_1_39' title="bbox 0 0 1643 5296; baseline 0 0"><span class='ocrx_word' id='word_1_337' title='bbox 0 0 1643 5296; x_wconf 95' lang='lat' dir='ltr'> </span> 
     </span>
    </p>
   </div>
  </div>
 </body>
</html>
