3326 5304
622 455 742 513 nativit
764 456 830 512 AVT
854 455 946 513 stuta
1283 453 1343 517 117

718 617 772 684 111
795 617 844 704 (6)

306 722 405 787 Libet
427 743 478 785 me
501 721 751 807 epigrammatis
771 721 881 786 facere
896 729 939 803 et,
956 721 1109 806 quoniam
1124 721 1256 788 nomina
1277 745 1341 790 non

225 823 367 906 memini,
390 821 478 910 quod
499 823 534 886 in
557 821 663 887 solum
684 821 764 886 mihi
785 822 923 904 uenerit,
946 844 1076 909 ponam.

718 939 768 1006 IV
793 941 840 1028 (4)

932 1041 1109 1130 Propertio

306 1145 439 1226 Vicere,
461 1145 594 1231 paenae,
618 1163 699 1230 quas
723 1142 801 1208 sinit
824 1142 968 1209 aetatula
992 1142 1115 1229 [laidas]

306 1245 436 1311 Ludere
459 1255 491 1312 et
514 1245 647 1310 eanttre
670 1253 703 1310 et
725 1243 863 1310 Veneris
887 1255 999 1310 tenere
1020 1245 1126 1330 bigas.

483 1405 550 1474 alc
572 1405 736 1475 ullane
765 1407 811 1476 01
837 1403 1104 1476 FEPONTEC·

306 1512 432 1580 Gellius
455 1515 497 1580 N.
520 1517 562 1580 A.
585 1515 654 1582 VII
677 1527 706 1598 5,
731 1522 770 1586 10
794 1516 979 1604 ‘Scriptum
1002 1525 1052 1582 est
1073 1525 1183 1582 autern
1205 1521 1340 1604 ‘purum

220 1623 353 1703 putum'
375 1639 442 1681 non
471 1617 505 1681 in
532 1615 797 1702 Carthaginiensi
825 1617 931 1685 solum
954 1617 1103 1700 foedere,
1128 1617 1187 1683 sed
1209 1639 1284 1684 oum
1306 1618 1340 1684 in

220 1716 333 1782 multis
362 1716 435 1782 aliis
470 1727 620 1784 ueterum
646 1717 740 1785 libris
769 1727 838 1784 turn
866 1720 900 1782 in
928 1719 968 1801 Q.
998 1741 1126 1806 quoque
1148 1718 1247 1784 Ennii
1275 1728 1339 1786 tra-

219 1818 338 1903 goedia
359 1841 442 1905 quae
464 1819 655 1884 inscribitur
683 1817 874 1886 Alexander
902 1829 935 1886 et
961 1821 996 1884 in
1026 1819 1129 1885 satira
1150 1819 1196 1884 M.
1219 1819 1338 1886 Varro-

219 1919 270 1984 nis
294 1942 377 2007 quae
399 1920 558 2008 inscripta
581 1929 631 1986 est
652 1916 715 1995 Δὶς
737 1919 852 1995 nutias
875 1919 909 1984 oi
929 1918 1112 2004 pinenses)
1340 1931 1378 1992 10

549 2055 731 2122 DOLIVM
753 2055 847 2121 AVT
869 2055 1004 2121 SERIA

420 2156 564 2223 Mundus
588 2158 703 2223 domus
727 2167 777 2222 est
798 2159 942 2222 mardma
963 2155 1100 2222 homulli

421 2257 529 2339 Quam
545 2261 692 2345 xquinque
715 2256 872 2322 altitonae
893 2257 1114 2341 flammigerae

217 2431 307 2494 492ss
326 2428 460 2480 ‘Gestis
479 2445 528 2496 pro
547 2430 672 2481 cestibus
689 2429 779 2480 Varro
797 2427 925 2479 Deuictis
945 2427 1096 2493 (Deuitis
1115 2428 1153 2494 Β)
1171 2427 1238 2493 naal
1256 2433 1338 2496 φιλο-

218 2513 333 2557 raucae
352 2496 581 2563 (pauoaanach)
596 2536 601 2548 .
616 2534 623 2550 .
637 2501 655 2548 .’
709 2497 752 2548 111
768 2497 873 2548 Nonius
890 2499 949 2555 499,
969 2499 1002 2547 26
1024 2497 1270 2548 ‘Accusatiuns
1289 2515 1337 2566 pro

219 2565 356 2630 genetiuo.
383 2565 421 2618 M.
439 2565 546 2615 Tullius
563 2591 598 2603 -
616 2591 647 2601 —
666 2591 697 2600 —
715 2565 803 2615 Varro
820 2565 950 2615 Deuictis
966 2561 1032 2628 περὶ
1050 2564 1214 2629 φιλονικίας
1232 2565 1283 2628 (616
1301 2567 1338 2630 Βς

219 2648 426 2696 procuratae
444 2633 504 2684 LW
521 2633 665 2684 Parisinus
683 2631 764 2698 ’1666)
780 2671 786 2684 .
800 2667 807 2682 .
823 2637 839 2682 .’
860 2631 903 2682 Cf.
916 2631 1041 2698 prolegg.
1051 2648 1077 2697 p.
1090 2635 1129 2684 18.
1182 2634 1220 2684 IV
1232 2635 1337 2685 Nonius

219 2699 275 2765 166,
295 2701 327 2752 16
345 2701 492 2752 ‘Puerae
510 2715 557 2766 pro
576 2700 695 2766 puellae.
730 2700 818 2750 Varro
836 2701 962 2750 Deuictis
980 2696 1047 2762 6661
1065 2700 1230 2764 φιλονικίας
1243 2739 1249 2752 .
1264 2738 1270 2752 .
1284 2706 1304 2752 .’

284 2767 429 2818 DOLIVM
447 2768 519 2818 AVT
538 2767 653 2818 enan,
682 2769 907 2834 Inscriptionem‚
927 2782 997 2833 quae
1017 2772 1093 2818 certe
1106 2769 1253 2834 prouerbio
1272 2786 1338 2822 con-

217 2840 282 2897 stat,
301 2836 419 2886 nondum
439 2836 557 2900 contigit
579 2835 729 2902 explicare.
769 2837 838 2886 Nam
861 2851 913 2886 nec
936 2835 1037 2885 dolium
1059 2835 1194 2902 Diogenis
1217 2837 1265 2900 (de
1284 2853 1336 2902 quo

218 2904 324 2970 cogitat
336 2901 482 2968 Oehlerus)
501 2919 553 2954 nec
572 2903 673 2954 dolium
691 2906 721 2953 in
733 2904 835 2954 Vestae
855 2905 926 2954 atrio
945 2907 1096 2964 seruatum,
1115 2904 1209 2954 mundi
1227 2905 1337 2956 rotundi

217 2971 310 3037 imago
329 2971 380 3034 (sic
400 2971 558 3022 Krahnerus
577 2971 611 3022 de
634 2972 712 3024 Varr.
730 2971 830 3037 philos.
850 2988 877 3037 p.
896 2969 951 3036 20),
970 2969 1126 3032 sufficiunt,
1150 2987 1221 3037 quae
1238 2974 1337 3024 inscri-

218 3040 342 3104 ptionem
360 3037 475 3089 duarum
494 3039 626 3105 partium,
650 3039 763 3105 insuper
781 3044 859 3089 ‘aut’
882 3037 1022 3105 particula
1039 3040 1248 3090 coniunctorum
1266 3042 1336 3092 satis

216 3105 373 3158 inlustrant.
400 3104 469 3156 Mihi
482 3107 601 3170 quidem,
620 3111 651 3157 ut
668 3106 702 3157 de
722 3123 751 3158 re
769 3108 866 3172 ignota
884 3107 978 3157 dicere
992 3107 1116 3167 audeam,
1130 3106 1184 3157 duo
1205 3123 1335 3174 cuparum

217 3189 320 3238 genera
332 3175 373 3223 ita
390 3174 462 3223 inter
481 3190 510 3224 se
528 3175 674 3240 prouerbio
691 3175 786 3225 iuncta
803 3175 940 3234 uidentur,
958 3178 990 3223 ut
1006 3173 1192 3238 significetur:
1211 3180 1272 3226 ‘aut
1283 3175 1335 3226 hoc

217 3241 253 3290 sit
271 3245 319 3290 aut
337 3240 417 3300 illud,
440 3243 494 3292 mei
516 3242 556 3292 nil
579 3243 718 3295 interest'.
751 3242 860 3292 Labitti
878 3241 1154 3307 interpretamentum
1178 3240 1335 3305 (6616666

217 3308 265 3358 des
287 3309 359 3359 deux
381 3309 494 3360 mondes
514 3311 579 3361 1845
597 3323 623 3374 p.
641 3309 702 3374 468)
728 3309 770 3360 ‘le
792 3315 915 3360 tonneau
937 3324 972 3358 on
994 3307 1035 3358 les
1059 3308 1156 3358 choses
1180 3307 1334 3360 sericuses’

216 3376 301 3425 animi
315 3391 401 3426 causa
414 3375 508 3427 affero.
528 3377 570 3431 Oi.
585 3381 681 3428 satura
694 3377 773 3426 ‘Post
785 3377 877 3426 uinum
891 3375 1012 3440 seplasia
1025 3375 1117 3425 letet'
1161 3376 1173 3425 1
1187 3377 1293 3427 Probus
1306 3379 1335 3427 in

215 3532 391 3590 ‹tiscohinarit
406 3533 469 3590 61161.
499 3525 512 3612 1)
548 3550 622 3590 snam
639 3534 706 3590 tibri
727 3549 774 3588 sua
790 3531 894 3588 Iunius
907 3531 937 3586 in
952 3547 1006 3603 mp.
1023 3521 1037 3610 ll
1060 3529 1228 3588 Octanarios
1243 3533 1333 3590 traca

215 3617 367 3689 Racparus
387 3618 420 3674 tX
441 3619 491 3672 23¹2
512 3619 656 3674 constituit
676 3608 690 3696 1)
752 3619 764 3669 i
795 3615 931 3672 liberrime
959 3615 1113 3671 Parisinus
1138 3608 1240 3696 7666))
1261 3620 1334 3692 aopi·

216 3710 363 3776 grammata
385 3701 435 3758 BL
455 3720 491 3757 m.
512 3717 567 3758 sac.
602 3702 807 3776 aepiglammaia
829 3702 852 3756 L
872 3717 907 3757 m.
927 3718 975 3772 pr.
1010 3701 1218 3776 epigrammista
1240 3702 1335 3760 Paris.

216 3789 413 3860 epigrammata
428 3787 579 3844 Turnebus
594 3788 660 3842 adu.
678 3786 710 3842 111
725 3791 741 3839 2
762 3777 775 3866 Ι)
796 3793 823 3842 61
840 3803 894 3860 qun
910 3787 1020 3843 nomina
1035 3788 1181 3842 nomomini
1198 3787 1295 3842 Paris·
1320 3781 1331 3866 ))

214 3877 229 3924 2
252 3885 367 3946 poenam
390 3861 442 3952 Β)
479 3871 630 3944 Rocperur
663 3870 863 3944 Vettonesque
885 3888 914 3942 p.
937 3874 971 3926 73
998 3872 1130 3927 senarias
1149 3868 1296 3942 effinxere
1319 3863 1331 3950 ))

214 3959 231 4008 4
253 3973 305 4028 qua
327 3956 429 4013 siniit
453 3947 459 4037 l
479 3957 563 4013 ettula
592 3957 631 4012 W
659 3947 799 4036 616166)
820 3956 899 4012 ludos
920 3957 1030 4012 addidit
1050 3955 1254 4012 Lachmannus
1274 3957 1331 4012 inu.

214 4040 545 4098 tectBerct,trih.184tt
562 4059 593 4114 p.
610 4045 626 4094 4
648 4041 716 4097 lluxa
737 4042 837 4096 maluit
857 4040 887 4095 L.
905 4039 1063 4096 Muellerus
1078 4057 1112 4112 p.
1129 4043 1178 4094 437
1200 4031 1214 4120 Ι)
1267 4043 1282 4095 5
1306 4048 1334 4096 61

215 4133 323 4181 cantare
344 4127 451 4197 scripsi
491 4143 551 4183 6666
578 4143 666 4183 amare
691 4125 762 4181 LW
782 4116 796 4204 Η
823 4123 959 4181 Satadaos
984 4119 1091 4181 inuenit
1119 4123 1332 4180 lachmannus.

213 4209 343 4266 Rectius
363 4217 390 4266 ct
411 4211 563 4283 Roapcrus
582 4213 688 4268 ianicos
710 4209 911 4281 apyrrtrictio
931 4210 1099 4280 incipientes
1115 4208 1266 4282 66166116
1282 4227 1333 4266 uos

213 4309 313 4368 puerac
330 4291 430 4371 11666.)
446 4287 461 4375 [Ι
505 4299 534 4351 11
551 4297 666 4354 homulli
682 4295 842 4356 Parisinus,
866 4294 1021 4350 Vaticanus
1043 4296 1163 4350 omniunt
1181 4293 1305 4351 Crinitus
1317 4287 1330 4373 ))

213 4381 246 4433 12
261 4378 446 4456 flammigerae
460 4382 567 4453 scripsi
588 4381 737 4456 iragniinae
753 4379 906 4437 Parisinus
929 4379 1061 4452 fragmine
1086 4379 1242 4436 Vaticanus
1257 4379 1331 4438 ilum·
