3274 5296
327 391 350 476 X
648 500 650 504 ι
786 425 995 474 PRAEFATIO.

326 603 404 644 uero
439 583 473 645 in
506 580 599 645 libris
633 581 781 643 extantia
810 578 949 643 delenda
976 587 1066 659 sunt,
1102 601 1143 644 ea
1175 581 1209 642 in
1238 580 1445 645 adnotatione

328 708 454 765 tantum
487 700 749 764 commemoraui.
800 698 948 762 Aliorum
982 699 1175 784 scriptorum
1203 700 1305 765 uerba
1332 698 1445 764 adlata

327 818 443 883 litteris
472 818 587 882 latiore
611 818 715 904 spatio
744 818 829 882 inter
852 839 886 881 se
915 821 1094 902 segregatis
1118 817 1268 900 distinxi3
1296 817 1331 881 id
1358 807 1445 904 quod

328 937 440 1022 paucis
463 935 559 1016 locis,
583 958 664 1022 quos
686 935 773 1001 infra
795 935 964 1018 indicabo,
988 938 1171 1021 neglectum
1194 959 1265 1000 esse
1288 937 1386 1021 piget.

387 1056 426 1119 In
449 1055 628 1141 appendice
650 1056 738 1142 quod
761 1064 793 1120 et
814 1055 960 1140 Menippi
978 1054 1199 1141 Meleagrique
1221 1061 1354 1140 praeter
1376 1055 1446 1141 epi‘

323 1182 505 1258 grammata
516 1174 669 1261 reliquias
686 1185 718 1239 et
730 1175 890 1238 Varronis
905 1173 1062 1239 librorum
1077 1175 1111 1238 in
1126 1176 1245 1260 quibus
1261 1176 1443 1241 remissiore

325 1294 398 1357 stilo
414 1315 493 1357 usus
509 1303 558 1357 est
577 1293 754 1379 omnium¹)
774 1282 1081 1378 fragmenta'recepi
1091 1342 1100 1374 ,
1124 1315 1218 1357 nemo
1240 1279 1442 1380 puto-repre·

323 1395 454 1476 hendet.
499 1412 536 1476 P.
561 1421 670 1477 autern
692 1413 849 1476 Varronis
872 1412 1210 1496 Atacinifragmenta
1231 1413 1371 1496 subieci,
1394 1423 1442 1495 ut,

323 1552 406 1616 quae
430 1532 472 1594 sit
493 1530 582 1594 illius
604 1532 711 1617 poesis
734 1531 859 1596 indoles
883 1509 1108 1618 quomodoque
1124 1553 1163 1596 ea
1185 1554 1205 1595 a
1219 1531 1349 1596 Reatini
1371 1555 1441 1596 uer-

325 1671 418 1714 suum
441 1649 568 1714 ratione
591 1649 769 1735 discrepet,
793 1672 856 1714 uno
872 1658 1048 1734 conspectu
1063 1649 1203 1732 eluceat3
1226 1673 1307 1737 quas
1330 1673 1464 1737 quam,

324 1791 422 1854 quarn
448 1776 515 1832 toto
538 1768 628 1832 caelo
651 1768 738 1854 quod
761 1769 852 1832 aiunt
878 1769 965 1832 inter
986 1790 1021 1832 se
1045 1767 1183 1851 distant,
1211 1777 1319 1835 tamen
1341 1793 1443 1853 nuper

314 1889 378 1952 'uel
400 1886 686 1978 Reifferscheidius
709 1887 860 1970 (Suetoni
885 1887 954 1952 rell.
978 1910 1009 1972 p.
1035 1895 1094 1956 197
1116 1889 1198 1972 not.)
1223 1889 1302 1953 satis
1325 1858 1442 1954 discer-

324 2028 401 2070 nere
429 2004 543 2070 noluit.
595 2005 787 2099 Sententias¹
816 2005 954 2091 denique
982 2005 1138 2070 Varronis
1168 2029 1252 2093 quae
1289 2006 1443 2071 dicuntur

236 2133 243 2140 “
323 2124 450 2205 addidi,
478 2125 555 2210 quia
576 2146 641 2189 non
670 2124 829 2189 absonum
859 2131 938 2209 puto
967 2098 1129 2208 conicere,
1159 2125 1269 2211 aliqua
1290 2134 1378 2190 certe
1400 2147 1442 2190 ex

321 2252 415 2328 parte
444 2243 533 2328 (nam
560 2243 644 2308 aliae
672 2243 762 2308 facili
791 2243 899 2328 opera
919 2253 1048 2334 ’postea‘
1063 2243 1141 2308 a'ddi
1168 2243 1317 2328 potuere)
1341 2266 1395 2308 eas
1424 2268 1442 2308 e

322 2340 480 2428 Varronis
514 2362 607 2428 libris
644 2361 840 2427 deriuandas
876 2383 958 2435 esse.
1006 2361 1090 2426 Nam
1123 2364 1236 2427 insunt
1264 2361 1468 2428 sententiae¹

324 2481 437 2567 quales
459 2479 626 2546 liberalior
648 2489 776 2546 tantum
791 2479 1016 2566 excultiorque
1031 2480 1137 2550 medio
1154 2503 1235 2546 aeuo
1258 2491 1347 2546 aetas
1370 2505 1442 2547 mea

323 2599 453 2685 quidem
476 2601 638 2664 sententia
659 2601 806 2664 inuenire
827 2601 934 2684 potuit
962 2621 1109 2685 quaeque
1130 2599 1288 2665 Varronis
1311 2602 1441 2686 ingenio

324 2718 512 2804 aptissimae
535 2726 626 2799 sunt3
654 2739 715 2782 nec
737 2717 847 2782 obstat
875 2738 978 2781 sermo
1001 2719 1057 2802 qui
1084 2718 1232 2803 profecto
1259 2717 1346 2783 illius
1369 2723 1441 2784 aeui

321 2837 474 2901 barbarie
496 2836 591 2900 foede
617 2835 846 2915 infectus-est,
874 2836 1004 2900 cumin
1032 2835 1151 2900 talibus
1180 2836 1347 2921 florilegiis
1369 2859 1438 2901 sen·
1494 2848 1499 2857 ’

304 2940 440 3020 'tentiae
478 2957 604 3020 tantuin
643 2955 821 3040 respicere,
865 2954 967 3019 uerba
1000 2953 1173 3039 neglegere
1212 2977 1334 3042 suoque
1365 2956 1438 3020 usui

323 3075 566 3140 accommodare
594 3073 771 3160 possent2).
816 3072 977 3158 Exemplo
1001 3074 1043 3138 sit
1071 3074 1231 3152 sententia
1253 3081 1293 3143 56
1321 3077 1441 3139 ‘omnia

391 3331 412 3396 ¹)
431 3332 505 3382 Hinc
523 3331 704 3398 epistularum
723 3330 879 3395 fragmenta
895 3329 1003 3403 recepi,
1023 3329 1231 3396 epistulicarum
1249 3331 1441 3394 quaestionum
1490 3311 1497 3318 ’

323 3419 411 3470 omisi.

390 3502 411 3566 ²)
430 3502 579 3567 Inscriptio
598 3501 683 3551 etiarn
702 3500 827 3565 quamuis
846 3503 974 3565 corrupta
993 3499 1028 3549 ad
1047 3500 1162 3564 antiqua
1174 3515 1224 3550 nos
1242 3504 1355 3550 reuocat
1373 3505 1440 3550 tem-

323 3603 398 3653 pora.
439 3589 509 3638 Nam
531 3587 694 3636 inscribitur
719 3585 805 3635 codex
827 3585 983 3634 Patauinus
1007 3585 1054 3635 101
1079 3601 1152 3635 saec.
1176 3587 1245 3636 XIII
1263 3586 1440 3654 '‘Prouerbia

295 3681 300 3690 ·
322 3671 455 3720 Varronis
473 3669 507 3719 ad
520 3671 695 3730 Paxianum’‚
714 3662 909 3719 Atrebatcnsis
922 3673 1014 3718 autern
1026 3672 1076 3721 305
1095 3685 1167 3722 saec.
1180 3671 1246 3720 XIV
1264 3670 1439 3721 ‘Sententiam

322 3754 453 3807 Varronis
472 3754 507 3804 ad
524 3754 704 3818 Papirianum
715 3753 832 3804 Athenis
851 3753 1027 3816 audientem’,
1046 3754 1119 3804 unde
1131 3755 1296 3804 Vincentius
1314 3754 1439 3805 Belloua-

324 3839 415 3891 censis
438 3837 523 3904 (spec.
548 3837 613 3887 hist.
631 3838 685 3889 VII
708 3841 740 3888 58
763 3836 819 3902 all.)
843 3837 890 3888 ‘ad
912 3838 1111 3889 Atheniensem
1133 3838 1300 3889 auditorem’
1324 3839 1439 3890 effinxit.

321 3925 390 3975 Inde
409 3923 509 3988 reIIqui
532 3923 666 3987 pendent,
691 3923 745 3972 nisi
768 3923 840 3988 quod
859 3923 1038 3974 Dublinensis
1061 3922 1162 3987 aliquis
1185 3924 1271 3974 codex
1291 3922 1339 3987 (cf.
1358 3924 1439 3974 Oehl-

323 4024 385 4059 erus
404 4024 466 4058 ann.
487 4007 656 4072 philol..LIV
673 4023 698 4072 p.
713 4006 772 4072 138)
791 4012 800 4038 ‘
807 4008 958 4058 Prouerbia
967 4008 1099 4058 Varronis
1115 4008 1149 4057 ad
1159 4000 1347 4073 Papyriannm
1359 4025 1439 4060 sena·

322 4099 411 4144 torem
422 4095 514 4145 Rom.’
533 4093 652 4144 exhibet.
690 4093 745 4156 Qui
763 4093 821 4143 siue
841 4089 1047 4156 fuithaxianus
1065 4093 1172 4143 nomine
1192 4095 1251 4144 siue
1262 4095 1438 4160 Papirianus‚

323 4177 440 4228 Athenis
464 4183 539 4229 certe
563 4178 652 4228 audiit
676 4177 695 4230 i.
719 4192 742 4227 e.
767 4176 868 4227 studiis
891 4177 1029 4240 incubuit,
1060 4178 1132 4242 quod
1155 4195 1209 4229 non
1231 4178 1323 4243 potuit
1347 4179 1438 4229 facere

244 4271 246 4276 ’
325 4263 379 4314 nisi
398 4267 462 4313 ante
483 4280 507 4313 a.
521 4281 546 4332 p.
560 4263 623 4314 Chr.
644 4265 706 4327 529,
726 4278 778 4330 quo
798 4279 869 4314 anno
888 4262 997 4327 scholae
1016 4263 1056 4314 ibi
1075 4263 1185 4316 clausae
1205 4267 1277 4315 sunt.
1308 4264 1439 4317 Profecto
