3274 5296
676 455 802 510 CAPVT
833 456 842 509 Ι
1296 449 1318 514 ὃ

198 615 393 700 fragmentis
421 615 587 682 affirmare
615 615 708 694 licet,
739 619 860 682 serium
879 597 1095 705 'iocosumque
1127 617 1181 683 uel
1208 620 1317 705 potius

199 715 323 782 elatum
345 716 561 805 humilemque
585 741 766 786 sermonem
789 742 866 784 siuas
894 742 1054 808 quemque
1082 730 1211 786 saturas
1234 720 1316 788 obti-

198 841 320 884 nursse.

263 922 335 986 Iam
358 921 402 987 ad
423 921 531 988 Lucili
557 923 694 1010 triginta
721 935 905 990 saturarum
932 925 1033 992 libros
1062 924 1090 990 si
1118 925 1315 1010 accedimus,

198 1034 236 1090 ut
258 1045 341 1112 quae
363 1025 391 1089 is
415 1025 546 1090 nouerit
567 1025 602 1090 in
625 1051 663 1092 co
686 1049 804 1112 genere
831 1049 1083 1112 cognoscamus,
1106 1028 1247 1114 primurn
1268 1029 1316 1094 ui-

199 1125 313 1192 demus
336 1149 411 1192 eum
432 1125 586 1193 Enniana
608 1138 784 1195 metrorum
813 1130 973 1194 uarietate
994 1128 1185 1217 plerumque
1207 1139 1317 1216 spreta

197 1227 426 1294 hexametrum
447 1251 578 1294 uersum
601 1231 665 1297 sibi
687 1233 856 1318 proprium
879 1231 1073 1314 edomuisse,
1097 1255 1160 1320 quo
1185 1233 1316 1320 quidem

198 1330 296 1396 unico
318 1329 354 1394 in
376 1331 528 1397 omnibus
551 1355 655 1420 usque
678 1332 721 1398 ad
749 1334 945 1419 uigesimum
973 1335 1106 1399 tertium
1133 1332 1261 1418 libris¹)
1285 1343 1318 1398 ct

198 1433 233 1496 in
248 1431 413 1498 tricesimo
437 1455 516 1498 usus
540 1444 605 1518 est3
628 1435 675 1500 ita
696 1445 733 1500 ut
755 1457 952 1523 quamquam
974 1437 1008 1500 in
1031 1446 1103 1502 octo
1127 1433 1259 1522 reliquis
1275 1473 1317 1484 -

198 1556 258 1599 nco
285 1533 427 1600 fortasse
455 1534 502 1600 eis
531 1535 682 1602 omnibus
704 1575 748 1586 -
775 1535 840 1602 alia
866 1559 995 1625 quoquc
1022 1547 1127 1604 metra
1155 1535 1316 1619 adhibuit,

198 1646 309 1702 tamen
331 1619 491 1702 summam
513 1659 582 1702 rem
604 1639 632 1702 si
654 1647 782 1724 spectas
804 1639 889 1704 inter
912 1639 1091 1726 dactylicos
1114 1648 1229 1726 poetas
1251 1637 1317 1704 Lu-

199 1737 293 1804 cilius
315 1738 484 1826 ponendus
509 1740 553 1805 sit
575 1747 607 1804 et
629 1741 663 1804 in
686 1762 720 1806 re
742 1741 878 1808 metrica
899 1741 1038 1808 Horatio
1066 1740 1317 1828 posterioribus-

198 1863 261 1927 quc
294 1837 480 1928 exemplum
511 1839 612 1906 fuerit
640 1841 728 1930 quod
762 1853 984 1930 sequerentur.
1040 1843 1316 1928 Argumentorum

199 1952 309 2007 autem
335 1943 531 2008 uarietatem
554 1943 662 2008 Ennio
688 1944 836 2032 profecto
865 1969 932 2012 non
959 1945 1117 2010 minorem
1145 1942 1315 2032 amplexus

198 2053 259 2110 est.
304 2044 343 2110 In
372 2044 441 2110 eius
471 2045 557 2110 enim
585 2047 705 2111 saturis
734 2047 804 2112 fere
832 2046 940 2112 dicam
967 2046 1008 2112 de
1037 2046 1188 2113 omnibus
1217 2046 1315 2112 rebus

198 2147 359 2231 agebatur
373 2169 460 2211 nunc
476 2147 560 2213 serie
575 2170 660 2212 nunc
672 2149 796 2230 iocose,
812 2148 907 2214 docte
929 2159 963 2215 et
984 2148 1127 2230 indocte,
1150 2147 1316 2212 narrando

198 2247 251 2314 uel
274 2247 532 2328 sermocinando,
557 2271 661 2336 neque
683 2248 752 2316 ulla
773 2274 825 2316 res
849 2273 913 2338 qua
934 2250 1099 2316 hominum
1117 2259 1240 2314 mentes
1264 2271 1315 2315 oc-

198 2350 314 2436 cupari
335 2358 472 2435 possunt
495 2351 620 2417 aberat.
664 2351 739 2418 Non
768 2352 852 2418 enim
875 2361 911 2416 ut
939 2351 1131 2417 Gerlachius
1154 2349 1189 2413 in
1210 2351 1315 2436 praef.

198 2450 241 2516 ad
264 2450 427 2518 Lucilium
451 2451 611 2519 ariolatur
632 2475 664 2542 p.
684 2463 745 2524 114
769 2453 901 2518 ‘reiecta
923 2452 1023 2518 Ennii
1045 2451 1241 2518 eruditione’
1266 2473 1315 2514 sa·

198 2564 289 2620 tures
313 2553 461 2640 scripsit,
493 2553 551 2620 sed
573 2552 767 2642 locupletior
795 2554 889 2620 testis
913 2554 1136 2650 Quintilianus
1160 2558 1315 2618 ‘eruditio-

197 2663 276 2722 nem’
297 2666 335 2722 ut
357 2655 499 2721 uidimus
523 2664 567 2722 ‘tn
590 2663 754 2722 ramirum
777 2667 807 2722 et
828 2663 994 2722 libertatem
1023 2667 1115 2737 atque
1137 2659 1209 2720 inde
1230 2675 1315 2721 rcer-

198 2765 319 2824 br'tatem
341 2769 370 2823 et
392 2764 610 2824 abundantiam
633 2765 717 2823 salts’
741 2757 922 2845 praedicat.
959 2757 1053 2823 Haec
1067 2756 1183 2823 ultima
1206 2766 1316 2822 autem

197 2863 231 2926 ni
253 2857 350 2925 fallor
377 2859 419 2926 ab
448 2860 555 2924 Ennio
579 2883 653 2926 eum
676 2859 937 2945 distinguebant,
959 2861 994 2925 in
1016 2881 1079 2947 quo
1102 2881 1162 2924 nos
1184 2857 1316 2944 quidem

197 2960 342 3028 ludibria
364 2971 396 3026 et
417 2960 603 3028 irrisionem
625 2960 865 3045 desideramus3
893 2961 974 3026 haec
1001 2961 1101 3029 ctiam
1128 2959 1315 3047 posteriori-

196 3064 259 3131 bus
282 3085 356 3128 eum
378 3061 525 3149 adprime
553 3062 728 3149 legendum
751 3075 784 3130 et
805 3063 1000 3130 imitandum
1029 3061 1221 3148 scriptorem
1242 3060 1315 3126 red·

198 3165 321 3232 debant
357 3163 590 3252 Ennianosquc
626 3164 757 3232 labores
792 3174 962 3252 tantopere
995 3164 1236 3246 obscurabant,
1278 3173 1315 3229 ut

197 3265 249 3332 uel
269 3267 474 3333 inuentorem
497 3277 646 3351 saturae,
669 3290 784 3355 nempe
812 3267 870 3334 ubi
899 3266 940 3332 de
967 3265 1092 3332 salibus
1121 3267 1152 3330 ci
1179 3265 1315 3329 carmini

196 3369 339 3456 propriis
366 3369 542 3455 praecipue
569 3370 694 3454 agitur,
723 3369 888 3436 Lucilium
913 3367 1070 3432 Horatius
1099 3365 1222 3432 dixerit
1249 3387 1313 3429 ser·

196 3492 330 3537 monum
353 3470 370 3535 Ι
392 3471 443 3553 -10,
467 3469 546 3558 483)
598 3469 706 3552 Quam
735 3469 845 3536 Lucili
872 3479 905 3535 et
932 3469 1088 3534 uirtutem
1116 3478 1149 3534 et
1175 3464 1314 3552 gloriam

267 3711 294 3780 1)
311 3712 392 3763 Haec
410 3707 463 3762 duo
482 3710 639 3778 fragmenta
657 3711 676 3763 l.
695 3711 746 3761 XX
764 3712 780 3762 8
799 3709 873 3763 Gerl.
894 3713 922 3761 et
932 3708 1012 3760 XXII
1031 3711 1055 3774 1,
1075 3723 1135 3758 cum
1154 3707 1215 3760 sola
1234 3721 1313 3758 sana·

197 3799 246 3850 riis
266 3797 425 3862 conscripta
444 3797 512 3859 sint,
538 3795 573 3846 ad
597 3796 764 3862 posteriores
788 3796 907 3848 fortasse
925 3795 1011 3845 libros
1030 3808 1203 3844 numerorum
1222 3807 1314 3842 emen·

197 3882 311 3933 datione
330 3879 471 3932 reicienda
490 3885 562 3931 sunt.

265 3965 294 4030 2)
311 3965 396 4016 Ennii
414 3969 524 4017 saturas
537 3965 670 4017 Horatius
683 3966 802 4018 fortasse
820 3981 854 4017 ne
873 3968 990 4036 nouerat
1003 3963 1125 4029 quidem
1146 3963 1221 4011 certe
1239 3975 1313 4011 men·

196 4053 302 4104 tionem
327 4065 423 4101 earum
445 4049 551 4102 nullam
574 4051 653 4104 facit.
697 4051 766 4102 Nam
791 4052 878 4100 ‘rudis
900 4058 926 4100 rt
951 4049 1057 4100 Graecis
1079 4047 1170 4097 intacti
1195 4046 1314 4096 caminia

196 4140 304 4188 arctor’
325 4133 402 4200 (ibid.
415 4150 441 4186 u.
455 4135 498 4200 66)
518 4135 595 4188 nullo
614 4133 693 4186 modo
710 4135 816 4185 Ennius
834 4131 943 4198 dicitnr,
962 4131 1010 4184 sed
1029 4130 1101 4196 quod
1118 4131 1199 4180 unice
1218 4146 1314 4182 uerum

197 4220 328 4272 Crainins
354 4217 465 4286 (philol.
488 4220 528 4272 1x
551 4236 578 4286 p.
603 4221 652 4272 576
675 4218 749 4284 sqq.)
773 4223 801 4270 et
824 4218 995 4270 Ribbeckius
1019 4217 1101 4280 (arm.
1125 4215 1221 4282 philol.
1247 4217 1313 4268 1858

196 4323 223 4372 p.
236 4303 298 4370 213)
312 4309 500 4356 monstrarunt
517 4307 541 4356 is
560 4307 607 4370 qui
625 4305 752 4357 uersibus
770 4304 904 4355 saturniis
918 4317 1028 4353 carmen
1042 4301 1207 4367 composuit;
1227 4303 1313 4367 aptis·

196 4391 266 4442 sime
284 4391 314 4440 ni
331 4389 417 4441 fallor
434 4389 467 4442 de
485 4389 567 4442 Liuio
585 4389 740 4442 Andronico
759 4389 932 4456 cogitabitur.
