3274 5296
660 411 785 472 CAPV’I
807 414 818 470 l
1257 411 1298 476 31

178 577 278 642 niana
299 576 431 658 referti,
461 576 520 640 sed
549 576 619 641 fere
641 575 690 642 hi:
720 586 946 664 poematorum
975 577 1051 644 libri
1074 578 1152 665 X.¹)
1182 580 1298 645 satira·

178 700 251 742 rum
273 677 351 743 libri
373 677 433 742 IV.
457 677 833 764 pseudotragoediarum
855 679 931 745 libri
953 679 1015 744 VI.
1037 679 1299 764 logistorioorum
1382 727 1386 750 2

178 779 255 845 libri
276 779 438 845 LXXVI.
483 779 548 846 Sed
575 791 729 866 poemata
757 779 816 868 (cl.
839 803 871 868 p.
897 781 950 867 16)
980 781 1045 845 nisi
1066 779 1129 848 hoc
1150 782 1222 869 ipso
1244 783 1298 848 uel

177 880 275 946 simili
291 881 387 948 titulo
403 904 469 946 non
485 892 662 968 potuerunt
683 881 804 963 afferrI,
828 882 932 969 qualis
947 884 984 946 in
998 882 1216 949 Varronianis
1232 907 1298 950 non

177 984 320 1048 occurrit
335 983 399 1048 nisi
413 982 484 1049 loco
501 1005 533 1070 p.
551 991 590 1053 16
612 981 764 1066 laudat03
788 982 828 1048 de
844 985 1020 1049 satirarum
1035 983 1128 1051 libris
1144 996 1299 1072 quattuor

175 1085 258 1150 ibid.
283 1085 369 1167 dixi,
394 1107 532 1172 quorum
554 1085 583 1149 si
605 1107 688 1172 quae
710 1084 808 1150 hodie
831 1095 956 1168 extant,
980 1108 1019 1152 ea
1034 1109 1054 1150 a
1068 1086 1214 1173 reliquiis
1229 1087 1297 1154 Mea

176 1187 372 1272 nippearum
394 1187 537 1252 discerni
559 1208 625 1251 non
646 1196 785 1274 possunt
806 1225 848 1236 —
869 1209 930 1252 neo
952 1187 988 1252 id
1001 1186 1139 1254 multum
1161 1189 1297 1273 attinet3

175 1290 342 1374 pergimus
371 1289 414 1353 ad
436 1288 750 1375 pseudotragoedias
780 1289 870 1374 (nam
893 1289 941 1354 sic
963 1288 1137 1374 legendum
1159 1301 1225 1373 est3
1254 1290 1296 1354 cf.

176 1412 208 1474 p.
227 1390 296 1476 16),
321 1389 361 1454 de
385 1391 504 1476 quibus
527 1390 729 1456 Ritschelius
752 1413 836 1456 mus.
852 1389 964 1477 philol.
981 1391 1052 1456 XII
1067 1413 1099 1478 p.
1117 1399 1177 1462 152
1200 1391 1297 1456 dixit.

175 1491 275 1556 Recte
304 1491 359 1556 ille
381 1489 496 1558 Alcaei
524 1493 876 1579 κωμῳδοτραγῳὸίαν,
906 1491 1110 1559 Graecorum
1137 1492 1172 1556 in
1199 1491 1297 1558 Italia

174 1592 475 1680 ἰλαροτραγῳδίαν,
487 1593 675 1659 Plautinam
686 1595 826 1680 denique
838 1595 1126 1681 tragicomoediam
1139 1594 1174 1659 in
1185 1604 1296 1681 partes

174 1704 289 1778 uocat3
318 1694 361 1759 cf.
390 1696 490 1760 etiam
511 1695 698 1761 Meinekius
722 1695 814 1762 Com.
838 1697 897 1762 Gr.
919 1697 937 1762 I
964 1720 995 1784 p.
1020 1704 1096 1780 247;
1128 1697 1296 1782 Roeperus

173 1795 287 1883 philol.
310 1796 433 1862 XVIII
460 1805 522 1867 426
546 1819 616 1884 sqq.
660 1799 811 1863 Eandem
832 1798 935 1863 fuisse
958 1798 1158 1864 Varroniani
1186 1800 1296 1886 operis

173 1897 320 1963 indolem
335 1898 485 1964 diuinare
508 1889 594 1980 licet,
617 1908 654 1964 ut
676 1899 811 1965 heroum
834 1900 1008 1966 deorumne
1029 1922 1081 1966 res
1096 1907 1210 1986 gestae
1225 1923 1295 1964 uer-

173 2000 267 2066 sibus
283 2001 405 2066 comice
420 2000 517 2066 factis
539 1999 804 2090 irriderentur32)
828 2023 927 2089 aqua
942 2024 976 2066 re
991 2002 1150 2070 Varronis
1167 2002 1295 2066 animus

173 2125 242 2168 non
264 2101 474 2168 abhorruisse
494 2101 696 2188 intellegitur
718 2126 761 2168 ex
783 2105 830 2168 eis
853 2125 935 2189 quae
950 2102 1157 2190 Augustinus
1176 2104 1216 2168 de
1232 2105 1297 2170 civ.

174 2203 229 2269 dei
243 2202 328 2275 VI5
352 2227 369 2268 e
392 2227 502 2269 rerum
524 2204 711 2270 diuinarum
733 2204 817 2271 libro
840 2207 944 2292 primo
961 2206 1109 2271 seruauit
1131 2211 1295 2287 ‘mythicon

173 2304 375 2391 (theologiae
403 2307 520 2392 genus)
549 2343 593 2356 —-
620 2313 653 2371 in
675 2327 709 2394 eo
731 2317 801 2372 sunt
822 2314 916 2372 multu
937 2322 1045 2374 contra
1068 2313 1245 2387 diqm'tutem
1268 2319 1297 2370 et

172 2419 322 2472 naturum
345 2415 558 2474 immortalium
577 2415 651 2485 fictu
665 2447 708 2459 -
721 2447 764 2458 —
786 2415 916 2488 denique
938 2417 969 2474 m
991 2415 1049 2474 too
1072 2415 1174 2474 omnia
1189 2415 1236 2474 dis
1250 2420 1294 2473 ut·

172 2515 364 2588 tribuuntur,
399 2530 479 2590 quae
505 2532 567 2575 mon
590 2515 682 2575 modo
711 2517 743 2574 in
772 2515 934 2589 hominem,
972 2515 1027 2575 sed
1051 2518 1142 2576 etiam
1170 2517 1202 2576 tn
1223 2532 1295 2576 con-

172 2618 399 2691 temptissimum
422 2617 569 2676 hommem
591 2618 704 2676 cadere
712 2621 851 2692 possunt.
859 2610 886 2696 ³)
918 2613 971 2676 De
985 2612 1294 2698 pseudotragoediis

171 2723 283 2778 autem
305 2735 379 2778 cum
401 2715 512 2779 omnia
534 2713 600 2778 sint
622 2713 856 2795 incertissima,
886 2712 1053 2798 aliquanto
1084 2724 1194 2779 tamen
1216 2725 1294 2800 puto

170 2815 341 2880 inlustrior
363 2815 513 2881 condicio
537 2837 648 2880 earum
671 2816 743 2898 fiet,
772 2816 877 2880 sicas
900 2838 973 2880 cum
994 2816 1143 2902 Roepero
1167 2816 1188 2881 l.
1211 2839 1239 2882 c.
1262 2839 1294 2902 p.

173 2926 236 2988 429
260 2927 294 2982 ct
316 2939 391 2982 cum
413 2940 494 2982 sana
516 2917 643 2982 ratione
667 2917 759 3004 (nam
782 2916 985 3003 tragoediam
1007 2917 1094 2982 inter
1116 2927 1148 2983 et
1170 2940 1294 2984 comoe·

171 3018 261 3083 diam
290 3018 399 3107 aliquo
423 3019 520 3084 modo
543 3021 732 3105 uersentur)
765 3019 990 3085 tantummodo
1013 3019 1166 3085 uersibus
1190 3019 1294 3084 fuisse

172 3121 378 3206 conscriptas
402 3122 592 3208 accipimus.
646 3121 756 3204 Quare
784 3121 884 3186 trium
911 3121 1072 3188 librorum
1094 3145 1175 3210 quos
1200 3121 1293 3187 dubi-

171 3232 279 3287 tanter
292 3222 491 3289 Ritsohelius
508 3223 572 3288 huc
586 3222 764 3289 rettulit—
775 3223 1055 3311 Oedipothyesten
1072 3225 1155 3306 dico,
1171 3223 1293 3294 Pseud-¹

171 3346 325 3408 aeneam,
349 3325 487 3391 Aiacem
519 3326 793 3407 stramenticium,
822 3364 865 3375 —
892 3327 1017 3412 primus
1041 3336 1073 3392 et
1092 3336 1292 3413 postremus,

258 3515 283 3579 1)
303 3517 374 3568 Nam
392 3520 591 3581 poematorum,
610 3532 665 3566 non
682 3521 838 3582 poematum
856 3518 1008 3568 Varronem
1027 3515 1129 3566 dixisse
1149 3515 1292 3567 Charisius

171 3605 294 3652 testatur
311 3618 339 3667 p.
359 3603 420 3664 1413
439 3601 511 3652 unde
531 3601 721 3666 corrigendum
739 3619 764 3667 p.
785 3603 816 3652 15
835 3606 903 3654 extr.

256 3684 284 3749 2)
303 3685 366 3736 Nisi
383 3687 455 3738 forte
475 3691 535 3736 erat
553 3687 627 3736 actio
645 3688 752 3752 tragice
766 3686 907 3752 descripta
919 3701 1098 3754 personarum
1117 3703 1134 3737 a
1146 3687 1292 3754 tragoedia

170 3769 342 3835 alienarum3
361 3771 402 3820 ita
420 3775 451 3822 ut
468 3771 557 3821 denuo
575 3771 709 3836 possimus
722 3771 876 3822 [lucianum
894 3773 924 3822 in
942 3774 1178 3839 comparationem
1189 3789 1293 3824 uocare

169 3854 442 3921 Tragoedopodagra
461 3860 488 3905 et
507 3855 647 3921 Ocypode.

257 3939 283 4005 3)
301 3940 432 3991 Profecto
445 3941 563 3991 trecenti
581 3939 626 3989 illi
637 3940 719 3990 Ioues
732 3955 800 4004 quos
814 3943 873 3993 sine
888 3943 1027 4008 capitibus
1040 3945 1128 3995 Varro
1141 3940 1293 3994 introduxit

170 4022 220 4086 (cf.
234 4041 260 4090 p.
274 4027 314 4076 10.
329 4026 382 4091 frg.
395 4027 449 4080 inc.
463 4023 507 4090 X),
527 4025 659 4091 quidquid
671 4024 869 4090 significabant
888 4027 961 4091 (nam
975 4028 1027 4078 hoo
1040 4027 1235 4078 difficillimum
1249 4033 1291 4078 est

169 4106 334 4175 explicatu),
353 4111 491 4161 irrisionis
511 4114 584 4160 certe
605 4126 692 4161 causa
710 4108 769 4159 ficti
787 4115 880 4174 erant;
901 4127 985 4176 quare
997 4113 1061 4163 nolo
1081 4127 1141 4161 cum
1153 4111 1290 4162 Merkelio

167 4192 313 4260 (Prolsgg.
326 4194 361 4243 ad
374 4193 454 4246 Ouid.
466 4195 545 4244 Fast.
559 4209 585 4259 p.
599 4193 712 4244 CCXXI
731 4194 776 4259 qui
789 4195 861 4245 falso
881 4211 915 4246 ea
932 4196 1055 4261 explicat
1072 4213 1098 4261 p.
1113 4195 1292 4262 CCXXVIII)

169 4278 309 4330 adrerum
329 4279 484 4330 diuinarum
503 4280 596 4341 libros,
617 4280 666 4330 sed
679 4284 727 4329 aut
741 4279 776 4329 ad
788 4285 898 4331 saturas
914 4287 962 4330 aut
975 4281 1010 4331 ad
1021 4281 1288 4347 pseudotragoedias

167 4363 243 4413 hanc
261 4365 428 4414 sententiam
447 4364 560 4414 referre.
