3274 5296
347 419 386 481 18
818 423 945 480 GAPVT
974 425 985 479 l

430 587 582 652 Alterum
614 586 743 651 accedit
780 596 1008 670 argumentum
1041 609 1059 650 e
1094 586 1243 672 Menippi
1278 586 1460 653 imitatione

342 688 499 776 petitum,
523 688 578 774 qui
601 709 674 753 cum
703 674 869 754 scribendi
890 687 1051 753 rationem
1073 687 1325 774 σπουδογελοίῳ
1347 691 1461 774 generi

343 789 519 855 admodum
541 789 693 855 idoneam
714 790 780 854 iam
801 789 998 869 inuenisset,
1027 788 1280 876 haudquaquam
1303 790 1461 856 credibile

343 901 395 957 est
410 915 430 957 a
444 892 596 957 Varrone
610 891 787 978 Menippeo
810 901 932 956 temere
947 914 1019 956 eam
1034 913 1107 956 esse
1121 892 1287 956 reiectam.
1310 892 1460 957 Tertium

340 1017 420 1059 uero
442 994 541 1080 idque
563 993 795 1078 grauissimum
816 994 920 1079 ipsius
934 993 1094 1058 Varronis
1116 993 1179 1058 loci
1200 992 1347 1058 nonnulli
1367 1016 1459 1079 prae·

340 1096 429 1179 bent,
453 1118 592 1181 quorum
614 1096 670 1181 qui
692 1096 825 1160 minime
840 1103 890 1159 est
905 1104 1023 1175 certus,
1040 1117 1113 1158 eum
1127 1095 1269 1181 primum
1283 1095 1457 1181 proferam.

339 1198 485 1261 Bimarci
507 1197 610 1281 igitur
638 1206 769 1262 saturae
796 1195 1018 1281 fragmentum
1045 1197 1134 1283 apud
1160 1197 1304 1262 Nonium
1329 1219 1361 1283 p.
1386 1206 1456 1279 168,
1539 1187 1543 1194 ⁴

341 1308 381 1368 13
402 1299 450 1363 ita
471 1298 604 1384 legitur:
630 1304 781 1379 ‘Mihique
802 1304 940 1363 diuidum
961 1305 1029 1363 stilo
1051 1309 1155 1363 nostro
1170 1305 1457 1379 papirinoleuie'sco-

334 1422 394 1480 pos
415 1407 531 1481 capilio
551 1422 630 1466 nouo
646 1411 745 1481 partu
761 1406 929 1481 poeticos?
974 1401 1073 1481 Quod
1094 1398 1250 1465 facillime
1273 1411 1306 1465 et
1328 1410 1365 1465 ut
1387 1424 1456 1465 sen-

338 1503 444 1566 tentia
471 1503 643 1568 commoda
670 1501 792 1567 euadat
820 1501 867 1566 sic
895 1503 1097 1567 restituitur:
1127 1508 1227 1567 ‘Mite'
1253 1502 1321 1588 (uel
1348 1502 1455 1589 potius

338 1605 433 1688 Inibi)
450 1626 539 1683 quom
560 1609 675 1669 dudum
697 1611 842 1669 stilo...
861 1603 906 1689 (1)
923 1611 1045 1686 papyri
1063 1611 1157 1669 mlem·
1175 1625 1294 1685 scapos,
1318 1611 1456 1685 concipio

339 1706 451 1770 nouom
464 1715 592 1786 portum
616 1699 812 1788 ποιητικόν.’
857 1705 942 1769 Eam
968 1713 1078 1772 autem
1100 1706 1295 1771 sententiam
1317 1705 1456 1772 canendi

339 1806 494 1872 carminis
522 1807 673 1872 nuntiam
698 1806 804 1893 ipsam
830 1807 982 1873 uersibus
1012 1829 1084 1872 esse
1107 1829 1297 1894 expressam
1318 1817 1457 1872 nonest

337 1909 442 1994 magis
458 1908 628 1994 probabile
643 1930 741 1994 quam
756 1909 973 1974 Deuictorum
988 1907 1059 1972 loco
1075 1908 1164 1995 apud
1178 1908 1321 1973 Nonium
1336 1932 1368 1995 p.
1382 1918 1454 1990 500,

337 2021 357 2082 9
380 2020 527 2076 seruato:
551 2014 649 2075 ‘Libet
669 2031 715 2075 me
736 2017 969 2091 epigrammatica
988 2015 1107 2089 facere,
1124 2022 1154 2075 et
1168 2019 1313 2090 quoniam
1332 2017 1455 2076 nominc

336 2135 396 2178 nou
424 2119 558 2191 memmi,
591 2117 673 2191 quod
699 2119 737 2177 im
758 2099 854 2178 solum
880 2118 955 2178 mihi
974 2120 1112 2192 uenerit,
1138 2121 1269 2193 ponam'
1300 2134 1453 2180 numeros

219 2243 234 2257 -
336 2214 512 2279 inculcare.
555 2213 656 2278 Cuius
680 2236 754 2278 cum
776 2214 892 2280 eadem
913 2237 997 2302 quac
1019 2213 1107 2280 illius
1131 2216 1176 2280 sit
1197 2215 1361 2280 sententia
1382 2237 1454 2279 sua·

336 2317 478 2404 deatque
506 2337 545 2380 ea
571 2314 625 2380 hio
652 2338 781 2403 quoque
807 2317 993 2404 pedestrem
1027 2339 1224 2398 sermonem,
1256 2316 1388 2380 humilis
1415 2339 1455 2382 ac

334 2439 439 2504 paene
459 2416 607 2502 uulgaris
631 2417 783 2484 dictionis
799 2419 888 2484 color
908 2419 1014 2504 magis
1038 2418 1134 2482 etiam
1150 2417 1180 2482 ei
1201 2417 1347 2504 opinioni
1363 2417 1453 2482 adiu-

333 2529 443 2584 mento
463 2527 523 2584 est.
553 2520 711 2584 Attamen
725 2521 879 2606 pertinax
893 2520 1103 2585 aduersarius
1121 2529 1225 2584 metro
1242 2518 1350 2601 alicui,
1366 2518 1454 2606 quod

335 2630 515 2708 sequantur
530 2619 660 2685 demum
682 2621 897 2686 distichorum
919 2645 1046 2703 uersus,
1069 2621 1150 2687 haec
1172 2622 1257 2686 forte
1278 2621 1384 2707 possit
1405 2622 1453 2684 in-

335 2744 461 2805 serere3
476 2721 581 2786 omnis
596 2732 705 2787 autem
718 2721 881 2790 dubitatio
894 2723 959 2789 alio
971 2724 1115 2788 Bimarci
1130 2725 1316 2810 fragmento
1327 2721 1455 2788 tollitur

334 2823 421 2910 quod
442 2822 568 2887 Nonius
595 2846 628 2910 p.
652 2832 730 2906 229,
754 2833 794 2894 22
817 2825 865 2891 ita
888 2824 1041 2891 tradidit:
1080 2831 1146 2890 ‘Ne
1167 2847 1213 2890 me
1229 2833 1362 2907 pedatus
1383 2846 1452 2890 uer-

332 2947 418 2990 suum
434 2931 543 2990 tardor
556 2937 701 3006 neprenet
715 2938 795 2990 tame
808 2949 876 2992 cum
885 2934 1044 3010 pritymoa
1058 2933 1197 3006 certum',
1221 2928 1279 2993 ubi
1301 2931 1452 3004 ‘refrenet

333 3033 416 3092 arte'
444 3025 583 3113 palmari
612 3026 690 3092 olim
718 3027 945 3094 emendatione
973 3052 1113 3114 raraque
1141 3028 1298 3094 felicitate
1327 3030 1452 3115 Popma

333 3129 486 3194 correxit.
532 3127 685 3193 Ceterum
712 3139 823 3195 utrum
847 3129 1066 3213 choliambos‚
1095 3154 1176 3217 quos
1203 3131 1307 3197 uerba
1336 3139 1451 3216 sponte

331 3230 483 3315 offerunt,
496 3229 554 3296 ¹ita
576 3231 702 3296 scribas
726 3254 800 3296 cum
822 3231 972 3297 Vahleno
994 3256 1027 3319 p.
1053 3242 1128 3304 139:

484 3337 531 3396 Ne
551 3335 601 3397 me'
614 3339 748 3414 pedatus
770 3337 912 3398 uersuum
930 3382 937 3397 .
954 3328 972 3398 .'
995 3337 1106 3400 ta'rdor

483 3438 634 3513 Refremm
654 3447 722 3500 orte
743 3438 883 3517 cdmpari
902 3439 1061 3518 rhythmos
1082 3439 1198 3515 ce'rtum

331 3559 414 3622 quae
450 3538 499 3601 ita
530 3536 675 3623 suppleri
709 3536 796 3602 uult:
841 3537 949 3602 ‘uarie
981 3546 1014 3602 et
1045 3539 1195 3605 uersibus
1235 3547 1267 3604 et
1299 3561 1449 3605 sermone

330 3639 465 3702 miscere
498 3638 679 3703 orationem
711 3638 855 3726 placet'‚
889 3661 932 3702 an
965 3639 1159 3727 displicente
1196 3651 1266 3706 arte
1302 3642 1449 3727 compari

331 3761 415 3824 quae
437 3738 482 3803 sit
503 3760 556 3802 ars
579 3762 676 3826 pares
699 3763 815 3804 uersus
838 3740 985 3807 efficiam
1009 3742 1057 3807 sic
1078 3766 1205 3809 mecum
1226 3766 1347 3830 ponas:

487 3845 535 3905 Ne
555 3844 605 3904 me'
621 3847 753 3921 pedatus
774 3846 936 3908 uersuum.
962 3839 980 3908 .'⁴
997 3847 1112 3926 ,tardor

482 3945 633 4020 Refre'met
655 3954 730 4021 arte,
755 3946 920 4026 co'mpm'mo
942 3949 1101 4028 rhythmos
1122 3950 1244 4027 sertum,

328 4067 371 4108 an
399 4043 497 4107 aliam
526 4054 657 4129 praeter
683 4043 756 4110 illas
784 4045 955 4112 lectionem
989 4048 1173 4131 excogites,
1206 4052 1287 4114 haec
1318 4071 1446 4136 semper

328 4147 491 4212 sententia
511 4146 673 4211 manebit:
698 4169 718 4210 a
731 4147 908 4233 poetando,
933 4170 1034 4234 quum
1055 4151 1151 4214 nimis
1167 4149 1261 4215 tarde
1276 4150 1444 4236 procedat,

327 4269 414 4310 nuno
436 4246 517 4312 libet
546 4249 722 4314 abstinere.
766 4247 864 4314 Nullo
888 4260 997 4315 autem
1018 4251 1116 4316 modo
1146 4274 1185 4317 ea
1211 4247 1281 4316 illo
1297 4261 1444 4339 spectare

327 4358 482 4434 possunt,
504 4359 542 4415 ut
563 4351 663 4417 totius
686 4361 819 4414 saturae
841 4351 938 4414 finem
959 4350 1121 4436 indicent3
1150 4354 1240 4420 hisce
1263 4353 1350 4419 enim
1371 4377 1443 4419 uer·
1500 4425 1503 4430 ,
