3274 5296
652 442 781 500 thvr
803 444 814 498 l
1252 435 1294 502 23

175 617 381 694 compertum
410 606 587 688 habemus,
617 605 726 693 lepide
748 606 958 692 perstringit,
993 629 1067 670 cum
1093 618 1223 673 ueteres
1252 606 1295 671 ad

175 711 307 776 Attium
327 731 432 798 usque
454 710 635 774 carminum
656 708 841 774 conditores
864 709 899 772 in
921 709 1053 774 summis
1077 709 1119 775 ab
1134 731 1179 795 eo·
1194 709 1294 776 hono·

174 813 265 879 ribus
289 811 420 878 habitos
443 813 537 898 eique
564 811 659 900 quasi
687 812 820 876 comites
848 809 932 877 fidos
961 820 1214 899 constantesque
1236 835 1295 899 per

175 926 278 982 totam
306 915 410 980 uitam
442 914 607 994 extitisse,
635 912 671 977 id
697 912 785 1000 quod
814 913 1054 979 edoctissimis
1077 936 1157 999 quos
1180 923 1296 1002 postea

174 1015 370 1104 conscripsit
390 1015 483 1082 libris
506 1015 682 1102 unIcuique
706 1024 909 1102 compertum
931 1025 996 1098 est,
1026 1016 1150 1080 iamin
1172 1017 1293 1082 saturis

174 1118 227 1184 uel
258 1118 407 1204 ipsorum
438 1116 493 1182 uel
521 1115 756 1182 sententiarum
785 1139 827 1182 ex
849 1119 895 1183 eis
919 1118 1185 1205 depromptarum
1206 1140 1293 1183 com·

174 1220 367 1286 memoratio
389 1219 479 1284 haud
499 1241 575 1284 rara
597 1226 751 1302 testatur3
776 1219 818 1285 cf.
835 1244 863 1286 e.
878 1243 908 1285 c.
923 1221 1083 1285 Parmeno
1099 1219 1292 1286 XII—XV.

175 1322 393 1410 Antiquitatis
420 1321 523 1407 igitur
550 1329 583 1386 et
610 1321 766 1408 temporis
795 1322 861 1386 acti
881 1321 1064 1389 laudatoris
1086 1331 1197 1409 partes
1220 1345 1294 1388 cum

174 1426 206 1489 in
229 1447 265 1490 se
289 1421 485 1510 susceperit,
508 1433 704 1488 nontamen
727 1421 873 1488 difficilis
897 1433 930 1490 et
952 1423 1107 1510 querulus
1130 1445 1293 1490 morosam

174 1529 263 1594 uitae
286 1525 513 1591 austeritatem
536 1522 594 1609 (cf.
615 1525 679 1592 Est
700 1524 817 1590 modus
839 1524 983 1590 matulae
1006 1526 1033 1591 Ι.
1062 1526 1196 1592 Devicti
1218 1525 1292 1614 IV),

174 1628 231 1693 sed
262 1626 506 1714 simplicitatem
532 1635 661 1692 tantum
687 1648 815 1692 morum
842 1627 1059 1694 commendat.
1113 1629 1229 1715 Itaque
1256 1637 1294 1693 ut

174 1731 383 1816 Menippeum
410 1729 506 1794 unice
535 1728 658 1811 decuit,
686 1729 766 1794 iocis
790 1729 893 1795 omnis
916 1729 1045 1816 generis
1068 1741 1201 1796 saturae
1222 1731 1293 1794 eius

174 1832 297 1918 ubique
320 1839 397 1896 sunt
418 1851 615 1918 conspersae
637 1833 774 1918 ipsaque
802 1832 860 1897 illa
881 1832 1064 1914 festiuitas,
1093 1856 1191 1920 quam
1219 1855 1293 1919 pro·

173 1933 278 2021 priam
303 1932 368 1998 sibi
389 1933 599 2020 innatamque
622 1955 694 1999 esse
710 1935 849 2000 Romani
871 1934 935 2021 ipsi
957 1935 1040 2000 bene
1055 1934 1221 2020 cognitum
1236 1934 1292 1999 ha·

173 2036 325 2118 buerunt,
347 2035 539 2122 saepissime
553 2034 636 2099 inibi
650 2035 912 2122 deprehenditur,
936 2059 1019 2124 quae
1033 2036 1067 2100 in
1083 2036 1176 2102 seriis
1193 2038 1292 2101 etiam

173 2138 396 2223 gradibusque
411 2136 582 2202 sententiis
597 2159 830 2224 nonnunquam
845 2160 910 2204 uno
926 2138 1028 2204 uerbo
1044 2138 1135 2203 uelut
1150 2136 1293 2202 scintilla

173 2248 307 2327 repente
336 2239 469 2321 emicat,
499 2239 541 2304 cf.
565 2262 593 2305 e.
618 2261 667 2324 gr.
690 2239 763 2304 Lex
783 2239 915 2306 Maenia
936 2239 1034 2304 VIII.
1063 2239 1156 2326 Sesq.
1179 2239 1291 2303 XXV.

172 2341 304 2408 Deinde
326 2347 436 2406 ‘multa
458 2346 542 2405 dictu
565 2347 739 2408 dialectice’
768 2341 852 2427 (Cic.
877 2340 981 2407 Acad.
1006 2341 1023 2405 I
1046 2348 1079 2422 2,
1104 2340 1137 2424 8)
1169 2340 1291 2406 saturis

172 2446 280 2510 inesse
303 2441 461 2530 reliquiae
477 2443 665 2528 significant
686 2442 809 2509 multae
824 2465 907 2529 quae
923 2441 1175 2528 argumentandi
1190 2463 1291 2528 quan·

173 2547 249 2612 dam
265 2546 417 2632 speciem,
439 2543 518 2610 licet
533 2547 573 2610 de
593 2544 816 2611 leuidensibus
832 2568 1065 2633 nonnunquam
1079 2544 1178 2610 rebus
1195 2565 1291 2628 agen-

173 2657 232 2730 tes,
255 2670 335 2735 prae
358 2669 393 2712 se
415 2647 536 2728 ferunt,
560 2637 1193 2733 1101011111ΙΙΙ.Ἑκατόμβη1ῙΙΙ.
1228 2647 1291 2712 Est

173 2750 287 2816 modus
302 2750 344 2815 V.
367 2751 484 2814 fruor
507 2745 652 2815 σεαυτόν
675 2750 720 2813 II.
743 2750 805 2815 XI.
830 2749 961 2815 Vinalia
982 2750 998 2815 Ι
1021 2749 1076 2814 all.
1105 2748 1176 2813 Iam
1191 2750 1290 2814 etiam

172 2855 338 2938 ingentem
371 2851 435 2916 uiri
465 2851 649 2918 doctrinam
681 2851 797 2917 horum
830 2875 958 2940 quoque
990 2850 1176 2919 libellorum
1208 2850 1290 2916 locis

172 2954 320 3042 plurimis
344 2953 436 3040 quasi
458 2953 546 3020 ultro
569 2976 794 3041 perrumpere,
817 2977 914 3041 porro
937 2976 1056 3039 graeca
1079 2963 1110 3018 et
1133 2953 1236 3018 uerba
1258 2963 1291 3018 et

171 3055 349 3143 prouerbia
369 3054 541 3120 Luciliano
569 3055 718 3143 exemplo
747 3056 805 3122 sed
832 3080 898 3123 non
924 3057 1021 3121 nimis
1051 3055 1209 3121 audacter
1235 3078 1290 3119 ex-

172 3180 285 3244 presso
315 3157 459 3221 sermoni
487 3179 559 3222 esse
587 3157 753 3240 immixta,
788 3157 927 3245 denique
954 3156 1129 3245 quodiam
1151 3157 1290 3244 exposui

94 3313 97 3319 .
173 3270 205 3324 et
226 3258 367 3325 aliorum
388 3266 558 3345 poetarum
586 3258 677 3326 locos
703 3259 813 3326 afferri
835 3271 868 3326 et
889 3261 993 3347 ipsius
1017 3259 1197 3344 omnigenis
1221 3281 1289 3324 car·

173 3361 314 3426 minibus
331 3369 459 3425 saturas
475 3361 600 3448 passim
616 3361 778 3450 expolitas
795 3384 877 3444 esse,
900 3371 937 3426 ut
952 3372 1039 3426 recte
1053 3383 1165 3426 earum
1178 3361 1288 3446 imago

174 3461 380 3528 describatur
408 3461 596 3528 addendum
624 3473 685 3530 est.
740 3464 841 3529 Cuius
871 3464 1047 3527 maximam
1074 3463 1140 3526 iam
1162 3472 1289 3547 partem

172 3565 276 3631 nitide
299 3564 475 3629 admodum
505 3576 540 3641 et
561 3565 727 3650 eleganter
748 3565 969 3629 Mommsenus
997 3565 1031 3627 in
1053 3564 1204 3631 Historia
1226 3565 1288 3630 Ro-

173 3689 269 3732 mana
285 3667 340 3732 III
356 3675 417 3738 586
439 3689 509 3753 sqq.
527 3667 577 3732 ed.
602 3677 677 3732 tert.
702 3667 863 3754 depinxit.
906 3667 1064 3731 Attamen
1086 3690 1187 3732 unum
1208 3677 1287 3755 puto

172 3767 306 3834 accedet
339 3769 456 3832 summi
484 3770 640 3835 momenti
669 3768 829 3851 auxilium
861 3769 905 3833 ad
931 3770 1061 3856 penitus
1090 3769 1288 3835 noscendam

173 3870 603 3957 Menippearumgindolem,
640 3871 728 3955 quod
757 3893 858 3957 supra
878 3871 944 3934 iam
965 3871 1066 3935 uerbo
1089 3869 1286 3956 significaui:

172 3972 309 4036 Luciani
325 3972 398 4038 dico
413 3972 600 4039 libellorum
615 3995 688 4037 cum
703 3972 918 4038 VarronianIs
934 3973 1146 4058 comparatio.
1181 3969 1288 4050 Quam

172 4074 205 4138 in
226 4074 417 4138 uniuersum
446 4084 574 4140 tantum
600 4073 745 4159 generali
778 4073 921 4161 quadam
950 4073 1168 4158 descriptione
1196 4071 1288 4135 insti-

172 4185 262 4240 tuere
285 4197 360 4239 cum
380 4174 505 4240 nullam
525 4176 664 4241 haberet
684 4174 871 4256 utilitatem,
895 4173 1037 4259 singulos
1054 4182 1163 4237 autem
1184 4171 1287 4239 libros

174 4300 282 4342 omnes
305 4300 497 4365 percensere
521 4301 594 4342 cum
617 4277 749 4362 longum
772 4285 869 4359 esset,
893 4275 975 4340 duos
990 4275 1067 4340 inde
1081 4274 1288 4361 potissimum

173 4377 377 4467 depromam,
400 4400 481 4468 quos
504 4401 577 4444 cum
598 4379 759 4445 Varronis
780 4376 963 4465 Menippeis
986 4377 1161 4442 conferam.
1206 4376 1286 4466 Jup-
