3274 5296
351 456 393 518 60
821 458 949 512 CAPVT
975 458 997 512 11

352 646 422 688 earn
446 643 544 708 quam
565 622 647 685 haec
669 619 739 684 fere
760 620 847 685 ultro
866 621 1099 684 nanciscuntur
1120 618 1313 684 facilitatem
1336 619 1467 705 saepius

351 748 448 812 quam
477 723 605 788 duobus
639 723 685 807 (u.
715 723 821 809 supr.)
855 721 1046 806 fragmentis
1079 718 1241 807 praebet?
1260 719 1470 794 ,rudiuscula

352 827 438 890 enim
461 834 537 889 sunt
553 825 690 888 Eumen.
707 824 836 889 XXVI.
860 823 1008 888 XXVII.
1031 823 1179 908 Marcop.
1195 823 1241 887 Π.
1265 821 1386 908 Sexag.
1403 822 1466 888 XI.

352 927 582 993 Sotadicorum
605 924 725 990 deinde
746 947 902 990 uersuum
923 948 1019 989 usum
1043 948 1085 989 ex
1100 925 1186 1006 Enni
1203 923 1325 990 saturis
1342 933 1374 989 et
1390 924 1469 989 Sota

351 1031 489 1115 Attique
513 1027 739 1092 Sotadicorum
765 1026 858 1092 libris
889 1025 1038 1092 aGellio
1069 1027 1120 1091 VI
1142 1037 1177 1109 9,
1208 1034 1247 1096 16
1279 1025 1467 1092 memoratis

355 1135 451 1218 (quos
475 1129 564 1195 nullo
587 1128 684 1195 modo
708 1151 782 1194 oum
802 1130 875 1194 Atti
889 1126 1108 1194 Didascalicis
1131 1128 1373 1214 coniungendos
1396 1150 1468 1192 esse

355 1232 419 1298 alio
441 1231 511 1297 loco
533 1231 737 1317 monstrabo)
761 1231 825 1296 sibi
848 1231 996 1317 sumpsit,
1020 1251 1100 1316 quos
1123 1253 1238 1295 uersus
1260 1229 1378 1295 Italica
1399 1229 1468 1315 qui-

352 1335 425 1400 dem
453 1333 549 1398 metri
576 1333 725 1416 licentia,
758 1334 934 1398 uerborum
963 1341 1071 1397 autem
1099 1332 1209 1418 lepore
1239 1341 1271 1396 et
1295 1339 1468 1396 uenustate

353 1436 441 1501 omni
465 1443 622 1521 exparte
645 1433 820 1500 laudandis
845 1434 1026 1501 constituit.
1071 1435 1253 1499 Rarissime
1269 1442 1378 1499 autem
1395 1455 1468 1496 cum

336 1538 455 1624 ‘poetis
478 1536 560 1601 facit
575 1537 750 1600 neotericis
767 1535 1068 1601 Alexandrinorum
1091 1536 1241 1622 exempla
1262 1535 1467 1602 imitantibus

353 1639 401 1722 (et
422 1637 609 1701 mirandum
636 1637 768 1723 quidem
791 1649 857 1719 est,
886 1661 961 1702 eum
982 1660 1127 1724 unquam
1156 1636 1221 1702 huc
1243 1660 1278 1702 se
1300 1637 1466 1722 uertisse)3

352 1762 455 1826 neque
478 1749 586 1804 tamen
608 1738 968 1826 hendecasyllaborum,
992 1738 1300 1822 choriambioorum,
1331 1738 1469 1804 aliorum

351 1864 447 1905 usum
470 1863 550 1927 quos
573 1842 685 1926 paucis
708 1841 789 1906 locis
819 1840 1010 1907 adhibuisse
1039 1864 1112 1906 eum
1141 1840 1306 1923 uidemus,
1336 1839 1469 1905 aliunde

352 1944 504 2008 dem'uare
525 1942 613 2008 licet.

435 2044 509 2108 Hoc
531 2045 596 2108 iam
619 2052 773 2130 apparet,
797 2043 991 2125 Varronem,
1015 2045 1071 2131 qui
1094 2045 1225 2131 quidem
1246 2045 1468 2111 Romanorum

351 2155 422 2212 erat
457 2146 687 2226 doctissimus,
724 2168 789 2211 non
826 2157 936 2211 autem
968 2155 1140 2232 poetarum
1171 2147 1467 2231 ingeniosissimus,

351 2247 576 2334 exemplorum
609 2247 814 2333 potissimum
847 2249 1033 2334 frequentia
1065 2249 1099 2311 in
1129 2249 1328 2315 carminibus
1361 2246 1467 2313 multi-

350 2351 489 2415 formem
517 2349 632 2413 fuisse.
684 2349 890 2436 Quamquam
917 2351 1020 2435 igitur
1049 2351 1209 2415 sinceram
1240 2348 1330 2415 illam
1357 2350 1469 2435 ingeni

350 2452 433 2534 uim,
467 2473 566 2516 uerae
600 2473 736 2537 poeseos
770 2452 980 2533 creatricem,
1013 2454 1158 2517 abnuere
1185 2451 1331 2517 Varroni
1364 2451 1469 2518 coacti

351 2576 475 2636 sumus,
498 2561 689 2617 nontamen
711 2576 750 2619 ea
765 2575 816 2618 res
833 2555 928 2621 nobis
943 2553 1141 2640 persuadere
1163 2562 1285 2640 potest,
1306 2562 1344 2617 ut
1360 2555 1468 2617 uirum

351 2657 405 2720 cui
433 2663 466 2719 et
494 2676 608 2718 sensus
638 2664 709 2719 erat
735 2657 866 2720 innatus
895 2678 958 2743 quo
980 2655 1151 2720 Musarum
1180 2655 1369 2721 dulcedines
1396 2677 1467 2741 per-

351 2758 491 2842 ciperet,
527 2777 608 2841 quas
644 2755 691 2820 ita
720 2755 897 2843 alloquitur
933 2760 1077 2823 ‘demitis
1110 2764 1192 2823 acris
1221 2760 1345 2838 pectora
1377 2777 1468 2822 curas

350 2859 444 2924 castrt
466 2867 610 2936 castoque
625 2860 731 2937 poe'st’
757 2858 930 2944 (Parmeno
953 2860 1055 2945 XH),
1101 2861 1198 2946 uique
1222 2859 1365 2924 externis
1389 2863 1466 2924 artis

278 3003 281 3010 ι
352 2958 577 3024 instrumentis
594 2959 729 3025 dextero
746 2968 779 3024 et
794 2959 918 3026 sollerti
934 2962 1042 3026 animo
1058 2962 1107 3027 uti
1121 2961 1239 3047 potuit,
1262 2961 1467 3046 Roeperiano

353 3083 442 3126 more
465 3059 623 3146 quidquid
646 3061 682 3123 in
702 3061 841 3127 buccam
864 3063 894 3126 ei
907 3063 1036 3129 uenerit
1051 3063 1232 3128 dementem
1246 3063 1282 3126 in
1295 3061 1468 3147 longarum

242 3195 254 3211 =
353 3161 567 3247 breuiumque
591 3161 793 3248 syllabarum
809 3165 1026 3252 quodcunque
1043 3164 1218 3230 artificium
1240 3164 1387 3249 coegisse
1409 3185 1466 3249 pu-

256 3293 262 3310 ·
351 3276 470 3330 temus.
516 3262 582 3329 Sed
606 3273 732 3348 tamen,
762 3264 839 3331 licet
861 3266 1006 3331 carmina
1027 3289 1047 3332 a
1068 3266 1219 3332 Varrone
1240 3266 1392 3352 inspersa
1412 3289 1467 3330 ne·

350 3357 515 3453 quaquam
545 3366 610 3430 sint
637 3368 875 3432 contemnenda
882 3417 892 3450 ,
925 3367 1029 3434 multo
1056 3378 1164 3434 tamen
1191 3367 1408 3454 praeferenda
1435 3376 1468 3432 et

350 3468 571 3554 praestantior
593 3464 644 3533 est
666 3469 770 3535 altera
793 3468 994 3534 ‘hilaritatis'
1024 3471 1194 3556 adipsum
1217 3466 1349 3534 saturae
1372 3490 1467 3554 argu-

350 3578 495 3634 mentum
518 3568 694 3654 legendum
716 3558 888 3636 inuitantis
912 3594 1007 3658 pars,
1036 3594 1119 3658 quae
1147 3570 1291 3659 pedestri
1320 3591 1466 3634 sermone

349 3671 553 3735 narrationes
577 3670 791 3760 dialogosque
814 3673 923 3738 faceta
945 3696 1019 3738 cum
1040 3673 1223 3739 festiuitate
1245 3673 1445 3738 continebat.

435 3770 508 3836 Iam
530 3770 662 3837 tandem
684 3783 722 3838 ut
745 3772 874 3859 singula
888 3774 1087 3861 perlustrare
1100 3771 1292 3860 adgrediar,
1316 3773 1380 3839 duo
1395 3760 1466 3840 esse

350 3875 537 3958 fragmenta
558 3873 775 3959 praefandum
798 3875 899 3958 duco,
923 3899 1007 3963 quae
1028 3877 1180 3942 uersibus
1205 3885 1355 3942 constare
1378 3887 1468 3942 certa

350 3975 536 4042 testimonia
559 3983 689 4041 extant:
720 3973 796 4059 περὶ
818 3975 1010 4060 ἐδεσμάτων
1037 3978 1083 4063 fg.
1106 3977 1124 4042 Ι
1147 3978 1284 4045 senariis
1306 3977 1467 4064 composi-

350 4086 429 4159 tum,
454 4077 543 4164 quod
566 4077 696 4166 quidem
718 4101 783 4146 non
799 4081 867 4146 suis
884 4080 995 4146 uerbis
1012 4103 1032 4144 a
1047 4078 1154 4168 Gellio
1169 4079 1221 4146 VI
1236 4088 1276 4150 16
1300 4087 1468 4145 seruatum

351 4313 456 4382 Σκιαμ.
474 4317 530 4368 111:
550 4322 599 4356 ‘·-
614 4319 720 4384 parebis
738 4321 833 4385 lapibus
850 4337 885 4370 aa
902 4321 984 4371 aon?’
1005 4319 1042 4372 cf.
1062 4318 1147 4373 Serm.
1164 4321 1192 4370 II
1210 4323 1241 4384 3,
1260 4319 1324 4372 260:
1343 4320 1408 4385 ‘cpit
1425 4319 1469 4370 ubi

350 4415 442 4460 secum,
461 4409 504 4452 eat
521 4419 555 4452 an
574 4408 655 4460 non,·’
674 4403 747 4462 115.
766 4403 798 4454 59
818 4403 864 4453 all.
