3274 5296
787 418 948 474 CAPV'll

465 590 514 651 12.
537 580 727 646 Laterensis
799 588 803 593 ’

465 692 516 753 13.
539 682 649 768 Nepos
836 677 841 684 ’

466 795 515 854 14.
540 782 681 849 Galenus

466 899 515 958 15.
540 885 699 952 Scaeuola
980 923 1022 932 -

468 989 516 1058 16.
594 1024 646 1035 ·—
896 986 935 1051 de
958 987 1139 1073 moribus)

388 1161 395 1168 ,
464 1102 525 1180 17.Ι
600 1129 642 1138 -
859 1112 862 1116 ’
893 1089 934 1154 de
956 1089 1149 1175 pudicitia²)

465 1201 514 1264 18.
600 1231 643 1242 -—
792 1234 802 1251 .
896 1189 937 1255 de
959 1190 1199 1278 philosophia³)

466 1304 515 1364 19.
602 1333 645 1345 —-
794 1348 796 1351 .
898 1293 939 1356 de
962 1291 1135 1379 saeculisl)

398 1396 491 1460 Haec
515 1395 556 1460 de
578 1394 787 1481 logistoricia
832 1396 903 1459 Iam
925 1404 1036 1459 autem
1057 1395 1113 1458 uia
1135 1396 1214 1459 satis
1242 1392 1343 1482 plana
1364 1417 1430 1460 nou

313 1499 450 1562 nimium
472 1498 536 1562 erit
558 1497 694 1561 difficile
716 1519 798 1584 quos
821 1495 979 1562 librorum
1001 1494 1113 1563 titulos
1129 1506 1316 1562 saturarum
1336 1494 1429 1560 libris

314 1599 368 1663 GL
403 1599 504 1684 (hunc
531 1622 702 1664 numerum
735 1599 875 1664 fortasse
908 1599 1014 1664 obiter
1046 1607 1175 1663 tanturn
1208 1606 1431 1682 computatum

313 1700 480 1784 catalogus
497 1701 632 1787 praebet
647 1700 854 1788 Hieronymi)
877 1699 1105 1766 adtribuamus
1125 1699 1336 1786 inuestigare.
1374 1698 1430 1762 Sa·

312 1801 449 1867 tirarum
473 1802 575 1887 igitur
596 1800 847 1888 Menippoarum
868 1804 998 1867 nomine
1019 1802 1082 1867 hae
1103 1802 1297 1868 laudantur:

463 1915 492 1974 1.
506 1893 628 1978 ’Ἀλλος
651 1889 750 1980 οὗτος
768 1896 933 1987 Ἡρακλῆς
955 1904 1157 1989 (Macrobius
1181 1903 1235 1969 HI
1258 1911 1309 1984 12,
1333 1903 1366 1988 6)

462 2014 492 2074 2.
509 1996 700 2070 Ἱπποκόων
723 2006 868 2092 (Gellius
891 2006 947 2072 III
970 2015 1025 2088 18,
1049 2007 1083 2093 5)

443 2092 492 2177 Ι3.
516 2107 631 2172 Nescis
662 2107 742 2195 quid
769 2131 889 2196 uesper
917 2130 1009 2173 serus
1038 2106 1138 2172 uehat
1172 2105 1315 2192 (Gellius
1343 2103 1432 2169 XIII

604 2217 660 2292 11,
686 2220 719 2293 13
742 2209 932 2276 Macrobius
954 2210 971 2274 Ι
995 2222 1031 2291 7,
1056 2209 1112 2296 12)

464 2324 493 2384 4.
518 2312 708 2395 Σαιαμαχία
731 2310 874 2398 (Gellius
896 2311 986 2377 XIII
1009 2321 1066 2395 23,
1089 2312 1125 2397 4)

463 2427 492 2485 5.
513 2405 706 2496 ‘deoxv'nv
728 2412 874 2496 (Gellius
898 2412 986 2479 XIII
1010 2414 1064 2498 31)

464 2525 494 2586 6.
519 2515 654 2582 ‘Satura
668 2517 845 2602 Menippea
867 2538 965 2604 quam
981 2515 1021 2579 de
1035 2514 1145 2581 officio
1161 2514 1272 2578 mariti
1287 2511 1431 2599 scripsit’

606 2617 749 2702 (Gellius
772 2617 790 2680 I
813 2627 870 2699 17,
895 2618 964 2702 415)

401 2719 556 2784 Proxime
583 2719 634 2783 his
665 2719 836 2784 addendae
865 2729 941 2784 sunt
964 2740 1046 2806 quae
1069 2719 1205 2805 cynicae
1227 2716 1436 2804 appellantur

316 2821 373 2906 (cf.
396 2844 429 2907 p.
455 2825 507 2906 n:

318 2996 520 3008 .‚-...-.-.—-.-

316 3099 359 3162 qoi
380 3102 487 3146 uocatur
512 3095 611 3146 Tubero
634 3103 659 3145 et
681 3097 747 3145 intus
773 3096 941 3146 subscribitur
964 3097 996 3146 de
1018 3097 1117 3162 origine
1140 3093 1270 3160 1110110110),
1295 3111 1319 3148 0.
1340 3097 1370 3146 17
1393 3096 1435 3146 ita

316 3182 403 3231 habet
421 3181 523 3231 ‘Varro
542 3183 573 3230 de
590 3197 676 3230 scaen.
695 3181 760 3245 erip.
779 3180 844 3232 libro
860 3182 965 3246 prima,
984 3181 1025 3231 nil
1044 3180 1148 3231 addens
1161 3180 1195 3231 de
1208 3179 1320 3231 Scauro.
1340 3181 1434 3242 Quare

316 3268 427 3316 unicum
447 3266 648 3315 coniunctionis
668 3265 875 3315 fundamentum
888 3264 989 3316 leniter
1001 3266 1043 3315 sie
1060 3270 1127 3330 puto
1141 3264 1313 3316 mutandum:
1332 3265 1435 3315 ‘Varro

317 3353 349 3402 de
366 3367 453 3404 scaen.
473 3355 539 3414 orig.
559 3350 593 3400 II
612 3358 637 3402 et
654 3353 681 3400 in
698 3350 817 3400 Scauro’.
854 3349 897 3404 cf.
917 3350 1063 3416 appendix.

404 3435 429 3501 1)
454 3435 646 3502 Logistoricus
669 3435 880 3488 incertissimus.
916 3433 958 3486 Ad
975 3434 1075 3484 librum
1100 3433 1133 3484 de
1151 3434 1327 3502 philosophia
1344 3434 1433 3486 1111111-

231 3568 233 3572 .
317 3536 399 3571 uerus
419 3538 444 3587 p.
459 3523 474 3569 2
488 3536 539 3586 sq..
561 3521 595 3570 ad
613 3520 744 3571 ‘Atticum
763 3519 797 3570 de
816 3521 986 3570 muneribus’
1006 3519 1177 3570 Ritschelius
1194 3537 1220 3586 p.
1234 3521 1282 3583 VI,
1296 3520 1331 3572 ad
1349 3519 1436 3571 libros
1519 3551 1521 3556 ,

317 3609 374 3656 tres
392 3601 457 3668 napi
477 3595 663 3670 χαρακτήρων
682 3621 725 3670 ap.
745 3603 852 3656 Charis.
870 3621 896 3670 p.
911 3606 960 3656 189
978 3605 1148 3656 Mercklinus
1166 3604 1185 3659 1.
1204 3621 1228 3660 c.
1246 3621 1273 3672 p.
1291 3605 1435 3670 3941118-

317 3694 440 3741 mentum
458 3691 591 3740 referunt.

402 3775 429 3838 2)
448 3774 537 3824 Huius
556 3775 621 3825 libri
640 3774 757 3825 alterum
770 3790 870 3826 nomen
883 3774 1066 3842 Tanaquilem
1086 3789 1146 3826 esse
1161 3774 1333 3826 Mercklinus
1345 3791 1372 3840 p.
1385 3775 1435 3826 392

317 3873 358 3924 sq.
380 3865 461 3910 acute
481 3865 509 3910 et
526 3875 616 3925 paene
634 3864 665 3910 ut
683 3874 792 3926 prorsus
810 3860 990 3926 persuaderet
1010 3860 1199 3912 demonstrare
1218 3859 1348 3925 suscepit.

402 3944 428 4008 3)
448 3945 491 3995 cf.
510 3945 670 3994 Krahnerus
688 3961 714 4010 p.
727 3947 751 3995 3.
772 3947 804 3995 12
822 3960 861 4010 eq.
891 3944 1061 3996 Ritscheliue
1079 3945 1180 4010 p.V11.
1198 3961 1224 4010 p.
1238 3945 1296 3995 503.
1316 3946 1377 3995 047.
1401 3943 1435 3994 de

318 4029 397 4079 Varr.
416 4028 525 4096 discipl.
546 4029 608 4080 libr.
627 4045 652 4094 p.
673 4031 712 4079 14.
749 4028 922 4110 Mercklipus
939 4046 965 4096 p·
984 4033 1043 4082 391.
1062 4030 1120 4081 397.

402 4113 428 4176 4)
449 4113 680 4165 Gennanates
699 4130 726 4180 p.
745 4115 803 4165 542.
832 4113 1032 4166 annulatus
1051 4113 1176 4165 Etruscis
1195 4115 1223 4166 Π
1241 4131 1267 4178 p.
1285 4115 1344 4166 335.

353 4242 356 4246 ,
404 4197 431 4263 5)
451 4198 584 4250 Consulto
606 4200 781 4282 praetepmisi
802 4198 888 4250 libros
911 4199 957 4264 qui
977 4214 1031 4249 non
1049 4204 1080 4248 ut
1098 4199 1277 4265 Menippeae,
1302 4197 1351 4248 sed
1369 4202 1399 4248 ut
1418 4214 1435 4248 a

318 4284 454 4334 ‘Varrone
467 4283 625 4350 Menippeo’
645 4285 797 4350 conscripti
814 4283 979 4334 afferuntur:
998 4284 1055 4349 Ape
1067 4287 1141 4336 modo
1159 4281 1315 4348 (Charisius
1335 4299 1362 4348 p.
1376 4281 1435 4346 118)

320 4372 348 4418 et
369 4366 508 4420 Catamitus
527 4366 693 4434 (Eutycbius
711 4386 738 4434 p.
757 4370 823 4420 2169
842 4371 873 4419 Ρ.
893 4370 940 4420 176
959 4367 1017 4434 1..):
1037 4370 1074 4422 cf.
1092 4385 1119 4434 p.
1138 4371 1171 4419 32
1189 4373 1245 4419 not.
1265 4371 1288 4421 2.
