3274 5296
498 1321 501 1328 -
614 1265 785 1344 OAPVT
812 1267 831 1342 Ι

233 1469 426 1534 Saturarum
447 1491 550 1554 genus
567 1467 654 1556 quod
670 1467 814 1535 excoluit
828 1467 874 1532 M.
891 1469 1064 1533 Terentius
1080 1468 1188 1534 Varro
1203 1469 1274 1534 Res

170 1571 255 1636 tinus
286 1569 417 1634 diuersa
445 1568 686 1658 ereliquorum
713 1571 749 1634 in
777 1569 896 1635 saturis
928 1569 1109 1636 scribendis
1139 1569 1288 1636 adhibite

169 1672 295 1738 ratione
318 1671 504 1736 constitisse
526 1693 609 1736 unus
633 1680 760 1736 tentum
784 1671 914 1736 disertis
937 1671 1047 1737 uerbis
1069 1671 1164 1738 nobis
1187 1671 1287 1736 tredi-

170 1771 219 1837 dit
242 1770 466 1853 Quintilianus
489 1772 523 1836 in
545 1771 751 1838 institutione
775 1773 919 1838 oratorie
941 1772 975 1836 X
1000 1775 1028 1854 1,
1051 1780 1090 1844 93
1114 1794 1183 1859 sqq.
1208 1773 1288 1836 hece

169 1897 324 1939 narrans:
362 1877 481 1938 ‘Satira
510 1879 629 1954 quidem
657 1885 721 1938 tota
750 1885 855 1938 nostra
883 1885 940 1953 est,
969 1881 1001 1940 in
1025 1896 1084 1954 qua
1103 1881 1221 1954 numus
1242 1881 1286 1938 in-

170 1983 284 2055 sionem
299 1981 420 2040 laudent
443 1981 572 2054 adeptus
587 1981 721 2040 Lucilius
736 1982 883 2056 quosdam
904 1983 948 2040 iia
971 1983 1087 2042 deditos
1108 1981 1166 2042 sibi
1187 1981 1289 2040 adhuc

170 2083 259 2142 habet
281 2089 448 2153 amatores,
480 2087 513 2140 ut
540 2098 605 2142 eunt
627 2097 687 2140 non
709 2081 840 2142 etnsacn
862 2084 951 2142 modo
978 2085 1078 2157 onais
1101 2082 1285 2155 auctoribus,

170 2183 223 2242 sed
245 2183 378 2242 omuibus
396 2185 494 2257 poetis
516 2182 685 2258 praeferre
713 2203 772 2246 non
801 2186 945 2246 dubitent.
991 2200 1047 2257 eac
1075 2190 1221 2258 quantam
1249 2184 1287 2242 ab

171 2285 240 2358 illis,
265 2290 381 2344 tanturn
404 2275 594 2344 ab'Hcratic
617 2270 775 2360 dissentia,
800 2289 854 2361 qui
873 2285 1023 2346 Lucilium
1042 2288 1139 2360 fiune
1159 2285 1288 2344 lutulen-

22 2465 23 2472 .
170 2393 230 2447 tam
253 2393 281 2446 et
302 2401 365 2445 esse
387 2386 519 2459 aliquid,
550 2389 633 2462 quod
659 2387 766 2448 tollere
782 2389 896 2464 possis,
921 2393 1022 2462 putat.
1066 2401 1136 2445 nam
1158 2386 1289 2445 eruditio

22 2495 24 2515 ³
135 2531 144 2546 .
171 2488 200 2546 in
223 2503 258 2546 eo
280 2489 360 2546 rnira
382 2493 411 2546 et
431 2485 557 2546 libertas
580 2495 671 2563 atque
692 2489 762 2548 incle
785 2489 937 2548 acerbitas
956 2493 984 2546 el
999 2488 1189 2547 abundantia
1203 2488 1286 2547 sctis.

22 2598 24 2611 '
170 2589 295 2648 multum
317 2593 360 2647 est
382 2589 490 2647 tersior
512 2605 551 2650 ac
570 2607 668 2666 puras
683 2591 782 2664 mauis
796 2590 943 2650 Horatius
965 2595 994 2648 et
1017 2588 1093 2660 (uon
1114 2589 1204 2648 labor
1225 2591 1289 2648 cius

171 2691 289 2764 amore)
300 2690 498 2764 praecipuus.
528 2693 652 2751 mullum
675 2697 704 2750 et
725 2707 817 2751 uerae
836 2693 957 2765 ctoriae
978 2691 1115 2766 quamuis
1131 2705 1190 2749 rinc
1211 2691 1289 2750 libra

172 2791 295 2850 Persius
316 2791 434 2850 meruit.
465 2797 535 2852 sunt
555 2794 638 2852 clari
657 2793 804 2868 hodieque
825 2800 855 2853 cl
876 2794 929 2868 qui
949 2794 1019 2852 oiim
1041 2792 1286 2852 nominabuntur.

171 2893 301 2952 alterurn
329 2893 407 2952 illua
433 2895 524 2953 etiam
547 2896 638 2970 prius
665 2897 782 2956 satirae
808 2911 905 2968 oenus
927 2895 981 2954 sea
1005 2910 1065 2954 non
1092 2894 1158 2954 sela
1181 2895 1290 2953 carnei-

172 3011 242 3056 uum
265 2995 416 3054 uarietate
437 2997 564 3054 mistum
586 2997 722 3056 condidit
747 2995 903 3056 Terentius
931 2997 1043 3072 Varro,
1067 2997 1118 3054 uir
1139 2995 1290 3056 Romana

171 3112 240 3157 rum
261 3095 490 3157 eruditissimus.
536 3099 688 3173 plurimas
715 3098 765 3158 liic
792 3099 883 3158 libros
909 3104 939 3158 et
961 3099 1146 3158 doctissimos
1172 3114 1289 3175 eompa-

171 3200 242 3271 suit,
253 3199 454 3274 peritissimus
475 3199 600 3273 linquae
620 3201 737 3260 latinae
763 3207 792 3260 et
814 3201 908 3260 omnis
929 3200 1120 3274 antiquitatis
1140 3205 1169 3259 et
1188 3215 1290 3260 rerum

170 3313 356 3374 'craecorum
379 3307 620 3375 nostrarumque,
639 3303 713 3378 plus
735 3308 836 3362 tanen
858 3303 1003 3362 scientiae
1017 3302 1186 3362 collaturas
1201 3317 1290 3376 quarn

172 3401 385 3476 eloquentiae!
426 3395 574 3477 Quocum
600 3398 816 3464 conferendus
840 3406 906 3478 est,
933 3397 989 3483 qui
1012 3395 1076 3461 duo
1105 3395 1291 3482 quidemst

171 3499 244 3584 ipse
259 3507 446 3562 saturarum
461 3520 583 3584 genere
605 3508 784 3582 enumerat,
808 3497 890 3562 elios
905 3519 983 3562 uero
1001 3495 1133 3561 alterius
1149 3496 1290 3563 cultores

172 3601 322 3666 nominet
357 3598 536 3664 Diomedes
569 3601 818 3686 grammaticus,
854 3598 946 3663 cuius
975 3597 1057 3662 hacc
1084 3610 1161 3665 sunt
1188 3599 1292 3666 uerbo

173 3725 207 3789 p.
228 3709 303 3782 485,
328 3709 368 3770 30
390 3723 460 3790 sqq.
483 3698 570 3766 Keil.
614 3705 732 3766 ‘Satira
754 3707 866 3766 dicitur
887 3721 1010 3766 carmen
1033 3705 1119 3780 apud
1139 3707 1292 3766 Romanos

173 3823 256 3866 nuuc
278 3807 397 3882 quidem
412 3808 591 3868 maledicam
606 3814 635 3866 et
650 3809 694 3866 ad
707 3809 865 3882 carpenda
879 3807 1031 3868 lominum
1047 3810 1123 3868 uitia
1139 3809 1292 3867 archaeae

172 3907 348 3966 comoediae
375 3908 556 3968 charactere
583 3911 795 3985 compositum,
826 3911 916 3984 quale
943 3912 1131 3986 scripserunt
1158 3908 1293 3969 Lucilius

172 4013 203 4067 et
224 4008 373 4068 Horatius
394 4014 424 4068 et
445 4009 576 4070 Persius.
607 4017 640 4070 at
662 4005 765 4090 clim¹)
794 4027 917 4070 carmen
941 4013 1021 4085 quod
1041 4027 1081 4070 ecc
1104 4011 1201 4070 uariis
1217 4025 1292 4086 poe·

245 4191 270 4258 1)
290 4197 330 4244 ‘et
347 4193 424 4244 olim’
443 4193 521 4256 libri;
547 4191 607 4245 ‘sed
625 4195 701 4246 olim'
719 4193 964 4244 Reifferscheidius
987 4195 1016 4243 in
1034 4193 1148 4244 Suetoni
1166 4193 1292 4257 reliquiis

174 4291 201 4344 p.
216 4279 262 4340 203
282 4281 325 4328 ‘et
342 4277 418 4328 olim'
438 4277 592 4330 scholiasta
610 4279 701 4330 Persii
720 4278 778 4331 cod.
792 4277 873 4330 Bern.
887 4278 936 4328 665
954 4280 1040 4328 uerbo
1059 4283 1139 4330 lenus
1158 4280 1217 4330 lere
1231 4295 1292 4332 curn

174 4361 309 4412 Diomede
329 4362 512 4412 consentiens.

229 4450 319 4502 Riese,
336 4449 439 4492 Varronis
454 4451 546 4496 Satires.
1074 4449 1088 4514 1
