3274 5296
325 433 345 497 6
793 435 921 490 canr
949 434 969 490 1.

326 601 369 667 ad
390 624 504 666 ueram
527 599 686 683 originem
701 589 936 682 Bernhardyus
953 599 1054 661 refert
1068 597 1157 662 hisce
1171 598 1282 663 uerbis
1297 602 1332 661 in
1347 599 1441 662 Rom.

324 704 387 768 litt.
409 703 486 766 hist.
509 725 541 788 p.
558 711 618 771 597
642 699 692 764 ed.
715 699 780 764 IV:
805 707 860 747 ‘-
880 697 995 764 sobald
1017 699 1064 764 sic
1087 699 1123 784 (i.
1146 723 1175 762 e.
1198 701 1324 786 satura)
1348 700 1441 764 einen

327 803 567 870 dichterischen
589 801 707 866 Werth
728 801 796 865 und
819 801 1032 887 Standpunkt
1054 824 1120 865 ron
1150 801 1208 865 der
1235 804 1369 866 starken
1391 808 1443 865 In-

327 903 539 973 diuidualitat
560 906 649 969 eines
670 902 824 969 Dichters
848 904 1007 990 empfing,
1034 903 1102 967 und
1125 905 1159 989 in
1182 902 1322 968 solohem
1345 904 1443 968 Sinne

328 1008 405 1075 darf
424 1006 569 1073 Lucilius
592 1005 643 1069 ibr
665 1004 834 1085 Erfinder,
856 1005 1012 1089 riehtiger
1033 1003 1083 1068 ihr
1105 1005 1262 1090 geistiger
1286 1005 1444 1091 Sehdpfer

325 1110 479 1176 heissen.'
524 1106 663 1194 Reliqua
691 1107 837 1170 eiusdem
866 1109 967 1172 uerba
988 1130 1054 1172 non
1077 1129 1181 1192 aeque
1208 1105 1256 1170 rei
1279 1115 1357 1192 apta
1378 1130 1444 1171 non

327 1236 418 1296 curo;
440 1209 531 1276 nullo
546 1209 646 1273 -enim
671 1208 770 1274 modo
797 1209 972 1274 artioribus
1000 1231 1099 1295 quam
1126 1218 1223 1274 antea
1249 1208 1370 1274 finibus
1393 1231 1443 1274 sa-

324 1326 433 1381 turam
461 1336 492 1378 ιιι
510 1310 640 1377 Lucilio
676 1310 954 1396 circumscriptam
987 1310 1107 1391 fuisse,
1141 1319 1179 1376 ut
1210 1312 1245 1374 in
1277 1308 1443 1374 irridendo

325 1417 429 1482 omnis
451 1423 659 1495 uersaretur,
687 1411 740 1477 uel
762 1435 828 1477 una
849 1411 906 1476 illa
929 1425 1044 1478 satura
1071 1412 1147 1476 noni
1169 1411 1248 1476 libri
1270 1421 1443 1493 monstrat,

326 1541 391 1607 qua
412 1511 687 1601 orthographiam
706 1537 804 1601 quarn
833 1513 1021 1578 doctissime
1045 1514 1208 1629 exposuit.
1252 1513 1307 1578 Ex
1330 1511 1445 1578 eodem

325 1619 409 1685 libro
431 1639 516 1682 nono
539 1616 748 1704 perspicuum
776 1616 813 1680 fit
800 1614 989 1701 tpluribus
1018 1617 1139 1681 saturis
1167 1613 1269 1682 libros
1298 1614 1444 1700 singulos

326 1721 448 1786 constit
448 1720 525 1801 isse,
542 1741 615 1783 cum
636 1739 775 1801 magnus
792 1716 1005 1804 reliquiarum
1027 1741 1111 1804 quae
1133 1718 1181 1783 ibi
1197 1727 1275 1782 sunt
1289 1739 1444 1782 numerus

326 1846 400 1888 cum
428 1819 687 1905 orthographicis
715 1817 779 1882 illis
807 1830 961 1905 praecept
962 1819 990 1882 is
1018 1842 1083 1884 uno
1119 1799 1268 1884 carmine
1296 1842 1361 1884 non
1388 1842 1444 1906 po-

326 1924 426 1990 tuerit
447 1921 618 1988 contineri
660 1922 776 2006 Neque
798 1921 873 1986 obst
859 1929 909 1986 tat
937 1920 1026 2037 quod
1053 1919 1174 1986 librum
1202 1931 1334 1986 sextum
1360 1920 1445 1986 deci-

326 2048 415 2090 mum
437 2025 493 2111 qui
517 2022 676 2108 ‘Collyra'
699 2021 877 2108 inscriptus
901 2032 982 2105 crat,
1005 2023 1041 2086 in
1064 2023 1187 2088 amicae
1203 2019 1355 2088 laudibus
1373 2045 1444 2088 uer·

327 2136 434 2191 satum
455 2149 526 2190 esse
550 2132 680 2210 oportet
704 2121 760 2208 (ef.
784 2123 967 2209 Porphyrio
984 2126 1019 2188 in
1040 2124 1124 2189 Hor.
1147 2147 1248 2190 carm.
1271 2125 1446 2211 122,1o);

327 2228 429 2292 uariis
464 2227 550 2292 enim
579 2225 779 2290 carminibus
807 2225 900 2290 uario
923 2226 1019 2292 modo
1048 2227 1078 2290 ci
1105 2227 1154 2290 rei
1181 2224 1314 2292 studere
1341 2227 1447 2312 potuit

326 2353 431 2418 neque
454 2330 577 2395 absone
593 2328 705 2413 Scipio
720 2325 890 2391 Ennianus
914 2327 949 2390 in
965 2327 1244 2414 comparationem
1259 2328 1443 2394 uocabitur.

327 2429 425 2514 Quod
452 2440 563 2496 autem
591 2429 626 2493 in
652 2429 757 2514 primo
785 2428 871 2495 libro
904 2429 961 2513 (cf.
988 2429 1154 2494 Lactantii
1180 2429 1272 2494 instt.
1302 2430 1370 2494 diu.
1397 2429 1446 2494 IV

329 2534 582 2621 3,12)de0rum
604 2530 777 2596 consilium
799 2541 832 2595 et
853 2530 888 2593 in
911 2532 1008 2597 tertio
1032 2530 1089 2617 (cf.
1104 2530 1288 2618 Porphyrio
1307 2531 1350 2597 ad
1364 2531 1445 2595 Hor.

328 2656 423 2700 serm.
440 2635 492 2704 15
515 2633 603 2715 init.)
627 2632 690 2696 iter
712 2630 865 2696 Italicum
889 2632 1063 2719 descripsit
1086 2644 1119 2698 et
1140 2632 1295 2698 ‘Fornax’
1319 2655 1447 2719 quoque

327 2734 441 2801 titulus
466 2757 568 2800 exeo
599 2743 796 2798 memoratur
823 2734 881 2818 (cf.
904 2735 1074 2800 Arnobius
1097 2734 1206 2822 116),
1235 2732 1326 2798 nulla
1353 2745 1445 2800 extat

328 2860 428 2902 causa
454 2846 492 2901 ut
514 2857 553 2900 ea
576 2834 687 2901 omnia
708 2858 774 2900 non
801 2835 845 2900 ad
873 2835 1075 2922 singularum
1104 2847 1291 2902 saturarum
1318 2838 1375 2901 sed
1404 2836 1448 2900 ad

327 2938 487 3006 librorum
509 2946 652 3003 totorum
675 2947 868 3021 argumenta
889 2938 1081 3003 referamus.

392 3040 446 3106 Ad
468 3039 651 3105 Varronem
677 3061 751 3103 cum
778 3041 845 3103 iam
873 3040 935 3104 sim
963 3061 1216 3128 progressurus,
1244 3038 1329 3104 hanc
1355 3039 1449 3125 quasi

302 3169 308 3227 ιι
329 3165 489 3208 summam
503 3164 613 3206 rerum
628 3140 735 3206 adhuc
750 3151 963 3206 tractatarum
975 3143 1009 3205 in
1024 3142 1213 3208 memoriam
1227 3142 1447 3208 reuocandam

305 3235 309 3281 ¹.
329 3267 462 3310 censeo:
487 3243 632 3308 Ennium
655 3254 688 3308 et
701 3242 866 3308 Lucilium
882 3244 927 3308 eis
948 3253 1078 3308 tantum
1100 3244 1185 3308 inter
1206 3266 1242 3308 se
1264 3243 1447 3309 rationibus

329 3345 460 3411 differre
476 3342 564 3431 quod
586 3343 633 3409 alt
620 3355 670 3409 ter
685 3345 846 3410 uarietate
869 3367 920 3410 me
923 3354 1058 3428 trorum,
1080 3344 1164 3410 alter
1185 3345 1327 3410 maxime
1349 3344 1447 3410 hexa-

303 3446 441 3512 metris
463 3468 543 3510 usus
567 3455 633 3529 est,
663 3447 781 3512 deinde
804 3447 892 3534 quod
914 3446 1040 3510 Ennius
1063 3457 1100 3512 ut
1124 3446 1255 3512 uidetur
1276 3469 1447 3534 nusquam,

301 3557 306 3617 i
304 3522 476 3613 Lucilius
500 3548 690 3664 saepissime
712 3547 857 3616 ludibria
877 3549 997 3612 saturis
1012 3549 1200 3616 immiscuit.
1177 3549 1322 3614 tHaec
1338 3558 1448 3614 autem

298 3648 517 3736 promiscua
539 3649 585 3712 eis
608 3649 721 3731 fuisse,
744 3661 782 3716 ut
804 3661 998 3736 argumenta
1013 3673 1111 3738 quam
1125 3650 1269 3715 maxime
1284 3651 1378 3715 uaria
1392 3673 1447 3714 ua·

298 3751 387 3825 riis
410 3749 517 3816 modis
541 3761 736 3833 tractarent
766 3751 948 3837 utsinguli
975 3752 1053 3819 libri
1081 3750 1231 3839 pluribus
1261 3761 1459 3819 constarent.

299 3816 302 3908 l
298 3851 523 3933 saturis,ut
486 3852 655 3915 nomnia
677 3852 816 3938 denique
838 3854 988 3919 uersibus
1013 3864 1123 3918 essent
1146 3853 1335 3940 composita.

393 3953 539 4018 Primum
561 3963 672 4020 tamen
694 3976 732 4018 eo
755 3965 974 4035 reuertamur,
997 3953 1085 4020 unde
1108 3954 1312 4036 defleximus,
1335 3963 1383 4037 ut,
1407 3979 1448 4020 ne

330 4054 411 4144 quid
425 4054 619 4142 praeiudicii
634 4078 677 4120 ex
693 4055 888 4136 Quintiliani
904 4056 1015 4122 uerbis
1039 4058 1181 4122 ‘atterum
1203 4061 1282 4122 illud
1299 4079 1448 4136 penm—

330 4179 402 4222 non
424 4164 505 4222 sola
518 4165 685 4224 carminum
701 4163 854 4224 uarietate
868 4164 1006 4224 mixtam’
1024 4157 1108 4221 male
1126 4158 1266 4245 acceptis
1282 4158 1447 4225 mentibus

330 4258 464 4323 haerere
491 4261 613 4346 possit,
643 4283 681 4324 ea
709 4270 797 4325 recte
826 4257 1037 4343 explicemus.
1087 4260 1141 4323 Ex
1169 4260 1286 4346 quibus
1314 4271 1352 4325 ut
1378 4259 1449 4324 dixi

331 4358 419 4444 apud
443 4359 683 4440 Quintilianum
704 4361 914 4426 manifestum
935 4357 974 4423 fit
999 4358 1156 4446 fieretque
1189 4360 1277 4447 apud
1299 4363 1447 4446 quemuis

1019 4627 1028 4658 Ι
