3280 5306
339 464 401 529 256
707 473 739 528 ll.
764 471 901 528 rantur!
926 472 1086 529 VARRONlS

846 634 949 700 PIVS

735 791 747 800 .
808 738 866 801 De
889 722 985 824 pace

423 855 550 921 Gellius
574 856 677 921 XVII
701 865 739 927 18
764 856 822 921 ‘M.
843 857 1027 922 Varro...
1051 859 1085 920 in
1107 857 1191 923 libro
1208 881 1303 945 quem
1325 861 1460 946 scripsit

278 1029 285 1054 δ
338 959 416 1024 Pius
440 968 497 1023 aut
520 959 560 1023 de
583 981 664 1044 pace
692 959 729 1023 C.
753 957 944 1023 Sallustium
967 959 1161 1045 scriptorem
1184 961 1289 1026 seriae
1312 961 1399 1026 illius
1422 973 1459 1026 et

338 1083 472 1126 seuerae
496 1061 654 1126 orationis
678 1109 738 1124 ...
767 1061 802 1122 in
824 1058 987 1125 adulterio
1016 1061 1258 1147 deprehensum
1280 1063 1323 1130 ab
1345 1064 1459 1128 Annio

337 1162 459 1227 Milone
481 1161 559 1227 loris
582 1164 666 1228 bene
689 1185 821 1228 caesum
844 1161 925 1227 dicit
943 1172 986 1243 et,
1009 1185 1083 1228 cum
1106 1163 1252 1228 dedisset
1266 1167 1454 1250 pecuniam,

338 1263 534 1329 dimissum’

735 1517 738 1524 ,
777 1469 1018 1535 SCAEVOLA

421 1571 465 1636 Et
487 1584 525 1636 ut
547 1581 684 1636 matrem
707 1571 821 1636 audiui
844 1571 963 1638 dicere.

795 1775 1001 1842 SCAVRVS

886 1880 903 1943 Ι

403 1978 556 2059 ¹Seruius
579 1982 614 2045 in
637 1981 760 2065 Georg.
778 1981 793 2044 Ι
812 1991 849 2050 19
872 1991 1045 2068 postquam
1067 1980 1261 2068 Triptolemi
1283 1980 1453 2047 historiam

336 2084 404 2148 fere
434 2082 476 2147 ad
503 2084 617 2170 hymni
645 2083 814 2147 Homerici
843 2082 1011 2169 exemplar
1033 2083 1106 2147 susc
1134 2083 1300 2166 narrauit,
1330 2081 1453 2168 pergit:

336 2186 526 2272 ‘Cererique
549 2207 643 2250 saera
665 2183 790 2271 primus
813 2185 974 2267 instituit,
998 2208 1082 2271 quae
1097 2179 1313 2268 θεσμοφόρια
1336 2205 1455 2269 graece

336 2289 466 2371 dicunt,
500 2297 538 2351 ut
573 2289 650 2370 [ait]
686 2287 793 2353 Varro
829 2289 870 2351 de
904 2288 1041 2352 scenicis
1075 2287 1255 2371 originibus
1288 2287 1324 2351 II
1357 2295 1389 2350 et
1421 2286 1455 2347 in

335 2389 482 2455 Scauro!

878 2510 914 2576 II

419 2610 588 2676 Charisius
611 2634 643 2699 p.
668 2624 707 2684 77
735 2612 856 2678 ‘Varro
879 2614 913 2676 in
935 2612 1058 2677 Scauro
1081 2609 1191 2676 baltea
1221 2610 1307 2676 dixit
1335 2620 1368 2676 et
1389 2611 1456 2675 Tn-

335 2735 427 2778 scum
448 2712 648 2782 uocabulum
671 2715 718 2778 ait
740 2723 835 2780 esse!

869 2834 922 2899 lIl

420 2936 592 3002 Glutinum
614 2935 724 3001 serunt
745 2936 931 3002 Daedalum
952 2936 1129 3001 inuenisse.

419 3158 588 3223 Charisius
621 3182 654 3245 p.
683 3167 744 3229 106
779 3167 812 3224 ct
840 3055 988 3223 lriddrtus
1023 3179 1056 3244 p.
1084 3164 1167 3229 2796
1191 3157 1227 3222 Ρ.
1263 3154 1390 3222 ‘Varro
1420 3156 1456 3220 in

335 3259 458 3327 Scauro
482 3258 629 3350 palumbi
652 3260 755 3327 dicit'

795 3461 989 3531 SISENNA

760 3568 819 3632 De
845 3567 1023 3632 historia

418 3668 546 3751 Quodsi
573 3693 639 3737 non
672 3670 788 3736 horum
821 3670 967 3736 omnium
1001 3667 1120 3733 similia
1153 3677 1261 3734 essent
1288 3667 1455 3756 principia

334 3794 372 3836 ac
395 3772 651 3860 postprincipia,
676 3759 925 3859 susquedeque
949 3779 1046 3837 esset.

400 3979 592 4032 SCAEVOLA
626 3980 785 4031 Macrobius
808 3977 842 4030 de
865 3977 921 4032 diff.
942 3983 970 4029 et
987 3995 1042 4029 soc.
1068 3993 1160 4045 graec.
1179 3975 1227 4031 lat.
1247 3977 1323 4032 ucrb.
1345 3980 1390 4042 19,
1409 3981 1453 4029 32.

331 4045 433 4100 ‘Varro
451 4050 480 4098 in
498 4047 654 4101 Scaeuola!

400 4132 561 4183 SCAVRVS
598 4132 641 4188 Cf.
660 4132 785 4199 prolegg.
803 4149 830 4198 p.
848 4135 881 4184 37
899 4138 955 4184 not.
976 4135 999 4183 7.
1056 4133 1206 4182 Idicunt
1228 4135 1263 4181 ut
1281 4132 1382 4197 scripsi
1401 4131 1454 4182 di·-

333 4206 452 4250 cuntur
469 4200 534 4251 libri
554 4202 602 4252 ait
620 4200 714 4251 addidi
749 4201 792 4252 ‘II
811 4203 853 4252 et’
872 4202 972 4266 scripsi
989 4200 1043 4250 uel
1061 4193 1124 4250 libri
1158 4200 1356 4252 HICharisius
1369 4217 1395 4265 p.
1408 4201 1453 4254 88.

333 4271 389 4319 131.
426 4270 529 4320 ‘Varro
548 4271 576 4319 in
595 4269 721 4323 Scauro!

347 4422 354 4435 θ
400 4355 550 4452 SIS'ENNA
587 4355 692 4407 Gellius
710 4356 776 4409 XVI
793 4357 854 4420 9,5
883 4355 935 4406 οΜ.
954 4356 1041 4406 Varro
1059 4355 1088 4404 in
1112 4354 1230 4405 Sisenna
1247 4351 1294 4403 nel
1313 4353 1347 4403 de
1366 4353 1456 4405 histo-

331 4437 374 4472 ria

1406 4523 1424 4567 0
