3274 5296
347 423 391 488 30
824 422 953 478 cAPvr
975 423 985 477 l

347 591 510 679 particeps
539 589 619 671 fuit,
649 587 692 650 cl.
720 586 816 650 Eum.
845 583 978 668 XXII.)
1007 595 1040 648 et
1062 582 1275 653 allocutiones
1303 580 1464 668 quaedam

349 691 485 756 solemni
507 690 697 777 plerumque
719 685 860 753 formula
882 695 954 751 ‘non
970 691 1066 751 uider
1090 688 1143 752 uel
1166 700 1277 759 ‘nonae
1299 691 1392 752 uides'
1415 687 1462 750 in-

347 794 505 880 cipientes
539 791 597 876 (cl.
626 792 688 855 Est
714 790 800 856 mod.
829 798 907 854 mat.
930 788 973 852 V.
1006 788 1115 854 Flaxt.
1144 793 1172 857 Ι.
1205 800 1343 880 sapora.
1367 787 1463 853 XVI.

348 894 460 961 Γνώθ.
478 909 508 958 o.
524 893 570 958 II.
594 893 655 957 IX.
684 883 755 955 Ὃν.
773 889 847 974 trip.
864 891 926 954 XI.
961 889 1042 976 Pap.
1065 891 1093 956 I.
1126 898 1211 979 Ταφ.
1235 901 1323 961 Μεν.
1347 889 1463 957 XXII.

347 996 482 1099 XXIII.
515 993 625 1060 Vinal.
641 992 668 1057 I.
697 983 825 1076 ‘deoa
842 992 869 1055 I.
895 1030 932 1042 -
946 985 1044 1075 ”Apu
1068 1016 1160 1079 μετρ.
1184 999 1228 1063 Π.
1258 990 1363 1061 ‘Euan
1385 992 1462 1058 VH.

347 1097 442 1164 Sard.
458 1098 486 1162 I.
502 1095 594 1184 alia),
618 1106 688 1160 tum
703 1096 738 1158 in
753 1096 915 1159 uniuersis
939 1094 1136 1180 quibusdam
1151 1100 1272 1164 saturis
1288 1096 1463 1185 perspicua

346 1199 473 1265 indoles
487 1199 656 1263 hominum
670 1198 757 1262 inter
772 1219 806 1262 se
823 1197 1061 1283 disputantium
1076 1203 1280 1268 sermonibus
1296 1210 1462 1278 constans,
1499 1237 1502 1242 -

211 1308 223 1338 ⁸
346 1303 489 1366 maxime
510 1302 547 1364 in
558 1293 647 1387 ''Ovp
670 1293 790 1381 λύρας,
813 1299 871 1364 ubi
893 1299 1036 1366 musicae
1058 1311 1184 1367 amator
1206 1313 1239 1368 et
1260 1310 1464 1385 contemptor

347 1403 561 1484 collocuntur,
578 1412 611 1467 et
625 1403 661 1465 in
675 1403 792 1466 Γνῶθι
808 1398 964 1483 σεαυτόν,
987 1402 1045 1467 ubi
1060 1403 1163 1469 uitam
1178 1405 1261 1470 alter
1273 1406 1307 1468 in
1322 1401 1462 1488 agendo,
1504 1454 1507 1460 .

347 1505 428 1571 alter
449 1507 485 1569 in
507 1502 757 1590 contemplando
780 1505 921 1590 positam
944 1503 1103 1570 defendit.
1147 1506 1212 1571 Hic
1234 1515 1285 1571 est
1306 1502 1361 1568 illc
1391 1512 1462 1566 ‘mo

347 1615 403 1674 dus
417 1613 604 1672 scaenatilis’
628 1628 725 1691 quem
747 1605 811 1670 sibi
832 1605 1001 1692 proprium
1022 1628 1095 1671 esse
1116 1607 1152 1671 in
1165 1608 1269 1673 Modii
1291 1607 1370 1692 fg.1
1391 1606 1463 1690 ipse

346 1711 452 1776 Varro
474 1708 652 1796 praedicat.
696 1709 737 1772 In
757 1705 817 1772 tali
843 1705 1055 1794 dispositione
1084 1709 1214 1797 etipsa
1240 1731 1293 1774 res
1322 1707 1464 1796 quadam

347 1811 533 1876 constantia
556 1809 692 1875 tractari
714 1818 747 1874 et
767 1831 820 1873 res
844 1808 1008 1894 quaelibet
1028 1809 1172 1876 incidere
1187 1820 1376 1898 potuerunt,
1399 1830 1464 1895 qua

345 1913 464 1978 iterum
486 1912 529 1977 ad
549 1912 689 1976 Luciani
711 1910 825 1976 Iouem
848 1911 1059 1996 Tragoedum
1082 1911 1293 1995 deducimur,
1323 1911 1379 2000 qui
1402 1909 1463 1975 sub

346 2015 445 2079 finem
472 2015 647 2100 praecipue
674 2012 758 2077 hanc
785 2013 946 2078 rationem
973 2013 1095 2099 optimc
1116 2014 1280 2080 inlustrat.
1323 2015 1409 2078 Nam
1430 2021 1464 2076 et

345 2115 412 2180 illic
434 2137 499 2180 non
522 2114 668 2180 docendo
691 2113 894 2201 simpliciter,
917 2115 976 2180 scd
992 2115 1193 2202 disputando
1216 2140 1269 2182 res
1291 2125 1464 2181 tractatur.

346 2217 430 2284 Inde
452 2226 562 2282 autem
583 2216 645 2282 hoc
668 2215 797 2303 quoque
819 2217 990 2299 docemur,
1018 2239 1084 2282 non
1106 2216 1246 2282 alienum
1269 2241 1342 2283 esse
1369 2240 1389 2280 a
1410 2237 1463 2301 ge-

348 2342 425 2385 nere
448 2319 712 2405 σπουδογελοίῳ,
736 2328 774 2384 ut
795 2321 944 2406 quaestio
966 2320 1001 2384 in
1022 2330 1134 2406 partes
1156 2341 1233 2384 suas
1249 2318 1464 2384 distribuatur

345 2443 468 2507 eaeque
491 2443 550 2486 suo
573 2421 687 2487 ordine
715 2430 974 2507 pertractentur3
1007 2421 1044 2486 id
1070 2423 1160 2508 quod
1189 2422 1225 2486 in
1246 2419 1463 2487 Varronianis
1568 2411 1571 2418 ’

345 2525 471 2589 factum
494 2523 785 2587 animaduertimus
809 2523 901 2588 Test.
924 2522 972 2608 fg.
995 2524 1041 2588 II.
1066 2526 1179 2588 roae.
1202 2539 1233 2588 σ.
1256 2523 1284 2587 I.

429 2690 586 2777 Prologos
610 2690 713 2755 fuisse
736 2691 806 2755 siue
827 2691 1048 2776 praefationes
1064 2694 1216 2759 uersibus
1231 2715 1465 2780 nonnunquam

345 2794 547 2880 conscriptas
572 2793 627 2877 (cf.
643 2793 793 2882 Iuppiter
808 2793 1017 2880 Tragoedus)
1040 2796 1256 2882 comperimus
1273 2817 1315 2860 ex
1330 2794 1465 2860 Gloriae

344 2897 392 2981 fg.
415 2895 443 2960 I.
466 2895 557 2960 Mod.
580 2896 607 2961 I.
631 2887 762 2959 11.’‘0v.
787 2893 861 2978 λύρ.
884 2895 1046 2979 I-vlss,
1070 2918 1151 2985 quos
1174 2897 1303 2962 cuinam
1324 2896 1466 2962 locutori

345 2997 534 3063 attribuerit
567 2997 708 3084 scriptor
740 2997 901 3063 incertum
934 3008 994 3064 est.
1050 2999 1115 3064 Sed
1142 2998 1370 3081 memorabile,
1402 2997 1463 3064 hos

344 3121 460 3163 uersus
484 3119 594 3163 omnes
618 3100 764 3165 senarios
792 3122 865 3165 esse
892 3100 1049 3166 iambicos
1077 3099 1122 3165 ad
1149 3123 1298 3167 seueram
1320 3101 1465 3166 Graeco·

344 3224 417 3266 rum
439 3200 545 3286 legem
566 3202 780 3287 compositos,
804 3224 903 3289 quam
923 3223 989 3266 non
1012 3224 1110 3289 saepe
1133 3204 1336 3268 obseruauit.

428 3370 580 3457 Denique
601 3371 682 3436 duos
706 3371 814 3436 adhuc
836 3372 1006 3437 nominare
1028 3395 1202 3459 possumus
1224 3371 1372 3437 homines
1395 3369 1463 3455 qui-

343 3473 406 3539 bus
436 3483 564 3537 saturas
587 3473 695 3539 Varro
724 3473 906 3561 inscripsit:
943 3474 1017 3538 Seio
1047 3474 1103 3560 (cf.
1131 3473 1351 3539 Buechelerus
1380 3495 1463 3536 mus.

343 3573 454 3658 philol.
472 3574 558 3638 XIV
580 3583 640 3643 421
666 3577 727 3662 sq.)
750 3575 951 3659 Bimarcum,
973 3575 1122 3642 Medium
1143 3575 1289 3640 Petrullc
1312 3575 1382 3640 siue
1403 3575 1465 3639 Pe·

343 3673 425 3739 tullo
449 3674 630 3759 dedicauit3
655 3675 697 3740 cf.
720 3676 804 3741 Bim.
829 3678 893 3743 III.
916 3677 1006 3742 Mod.
1028 3679 1056 3744 I.

427 3843 494 3909 Sed
513 3844 554 3908 de
576 3844 695 3910 saturis
718 3844 887 3933 hucusque
902 3848 1044 3913 disserui
1066 3855 1233 3934 tamqnam
1248 3846 1463 3930 certissimus,
1530 3921 1535 3932 Ι

343 3943 476 4033 quinam
490 3946 576 4010 inter
590 3947 749 4012 Varronis
771 3947 874 4013 libros
896 3948 1023 4015 adhoc
1044 3971 1147 4034 genus
1161 3951 1358 4036 pertineant.
1391 3948 1464 4013 Iam

342 4049 443 4132 igitur
471 4047 556 4112 ratio
584 4047 754 4114 reddenda
782 4060 833 4114 est
860 4051 900 4115 de
930 4052 976 4116 eis
1005 4051 1104 4116 rebus
1134 4051 1254 4138 quibus
1283 4062 1414 4118 saturae
1443 4073 1464 4114 a

343 4149 475 4236 reliquis
492 4149 656 4233 differant,
679 4152 888 4240 ipsarumque
911 4162 981 4217 tum
996 4175 1150 4218 numerus
1166 4164 1200 4218 et
1214 4154 1347 4218 nomina
1362 4173 1462 4239 quan·

343 4259 413 4313 tum
435 4252 506 4315 fieri
533 4263 643 4338 potest
664 4255 911 4319 accuratissime
940 4265 1184 4340 componentur.
1229 4255 1324 4321 Libri
1353 4265 1463 4320 autem

343 4353 399 4438 qui
427 4351 462 4415 in
489 4352 575 4419 hanc
602 4379 670 4421 rem
697 4356 864 4442 quadrant
890 4378 955 4419 non
984 4365 1061 4419 sunt
1092 4355 1141 4419 illi
1170 4357 1320 4422 doctrina
1342 4358 1462 4422 Varro-
