3274 5296
325 473 367 536 22
799 476 929 532 tAPvr
958 477 970 529 Ι

325 652 423 730 gunt3
446 665 523 706 nam
546 641 646 705 animi
668 648 701 705 et
721 641 795 706 fons
818 649 916 726 atque
939 641 1030 724 origo
1047 639 1228 725 (Andabat.
1245 641 1293 725 X)
1315 649 1443 704 etcum

326 767 463 831 corpore
485 744 626 809 rationes
651 741 748 828 (Mur.
771 741 849 806 mul.
872 742 961 806 scab.
985 741 1016 826 I)
1039 751 1072 806 et
1099 742 1142 807 ab
1165 765 1203 807 eo
1232 743 1372 828 denique
1395 765 1442 806 se-

325 848 454 933 paratio
479 844 661 931 (Andabat.
679 845 746 929 XI)
770 867 790 908 a
811 844 960 908 Varrone
988 842 1229 909 describuntur.
1273 843 1328 909 Ad
1349 854 1442 909 natu-

325 947 428 1012 ralem
460 946 603 1012 fortasse
635 944 864 1033 philosophiae
894 954 1023 1030 partem
1059 944 1208 1010 sublimis
1240 945 1298 1010 illa
1329 945 1443 1010 mundi

326 1048 473 1136 caelique
502 1048 677 1134 descriptio
704 1047 878 1134 pertinuit,
908 1069 992 1132 quae
1021 1055 1114 1111 extat
1139 1047 1174 1111 in
1196 1047 1272 1112 Dol.
1296 1057 1354 1113 aut
1380 1070 1442 1114 ser.

327 1151 370 1216 cf.
393 1152 446 1215 De
469 1149 585 1216 salute.
614 1150 705 1215 Man.
728 1150 795 1234 VI3
823 1157 993 1235 poetarum
1021 1158 1130 1213 autem
1157 1149 1305 1216 fictiones
1334 1151 1376 1216 ab
1405 1173 1444 1215 ea

326 1251 501 1339 disciplina
529 1262 739 1317 remouentur
753 1249 920 1337 ·(Maroip.
943 1250 1041 1335 XH).
1085 1249 1281 1337 Plerumque
1308 1272 1387 1317 uero
1408 1253 1443 1318 iu

325 1353 443 1418 morali
465 1353 640 1440 disciplina
662 1363 824 1436 uersatur,
840 1353 875 1416 in
898 1375 963 1439 qua
984 1371 1217 1439 nonnunquam
1233 1354 1331 1418 etiam
1346 1375 1443 1440 quae-

327 1457 450 1522 stiones
468 1456 627 1541 quasdam
643 1453 770 1520 soluere
786 1455 934 1540 suscipit,
951 1453 1042 1518 uelut
1057 1464 1166 1518 utrum
1181 1457 1252 1520 uita
1266 1456 1302 1519 in
1316 1455 1443 1540 agendo

326 1581 369 1622 an
384 1558 418 1620 in
433 1556 610 1642 cogitando
626 1556 734 1642 posita
747 1555 980 1642 praestabilior
1002 1555 1045 1622 sit
1069 1557 1117 1642 (in
1138 1559 1255 1622 sustu
1272 1551 1442 1646 σεαυτόν),

326 1667 477 1723 utrumne
500 1658 637 1739 artium,
668 1658 812 1724 musicae
834 1658 1011 1745 imprimis,
1042 1660 1196 1726 tractatio
1224 1659 1346 1723 homini
1369 1682 1443 1725 oon-

326 1761 439 1825 ueniat
469 1759 518 1845 (in
534 1751 623 1846 '‘Ovpo
643 1748 777 1846 toust),
799 1760 999 1848 'plerumque
1026 1769 1136 1826 tamen
1157 1784 1232 1826 cum
1253 1763 1444 1850 Menippum

326 1872 456 1928 secutus
479 1863 564 1928 bene
588 1884 626 1926 ac
647 1862 775 1928 modice
801 1863 915 1928 uiuere
938 1885 1099 1929 summum
1126 1863 1248 1929 bonum
1270 1874 1364 1951 putet
1385 1865 1443 1951 (cf.
1525 1875 1536 1888 “

325 1963 416 2031 Mod.
440 1965 499 2030 IV.
523 1963 582 2050 V),
606 1965 675 2028 eius
697 1965 877 2029 modestiae
901 1974 1140 2052 contemptores
1162 1967 1356 2053 praecipuos
1379 1989 1444 2032 non

324 2075 392 2130 tam
414 2065 551 2131 subtiles
582 2064 791 2152 philosophos
819 2066 920 2132 habet
949 2065 1006 2152 qui
1031 2064 1248 2133 humanarum
1274 2070 1444 2155 cogitatio·

327 2191 406 2232 num
428 2167 585 2234 terminos
615 2167 828 2252 egrediantur
858 2168 935 2253 (etsi
962 2190 1003 2233 ne
1031 2187 1086 2234 eos
1116 2169 1248 2256 quidem
1276 2192 1444 2257 nunquam
1554 2240 1558 2248 ,

326 2269 513 2352 cauilletur,
543 2293 575 2334 u.
599 2271 731 2356 supra),
755 2281 854 2356 quam
884 2268 1010 2356 (utpote
1044 2272 1100 2358 qui
1133 2273 1312 2337 ‘Romanus
1346 2281 1444 2358 atque

326 2370 486 2437 Sabinus’
509 2371 598 2458 ipsas
622 2372 711 2436 uitae
733 2371 881 2457 agendae
904 2373 1046 2438 rationes
1062 2374 1159 2438 meris
1175 2373 1444 2461 philosophorum

327 2473 584 2557 cogitationibus
607 2473 746 2538 multum
769 2475 1002 2561 anteponebat)
1019 2496 1130 2540 omnes
1153 2475 1226 2541 illos
1248 2476 1305 2562 qui
1327 2499 1348 2540 a
1369 2477 1445 2541 sim·

325 2573 404 2660 plici
433 2585 466 2640 et
494 2575 643 2640 modesta
669 2577 852 2662 priscorum
881 2576 1103 2642 Romanorum
1138 2579 1208 2642 uita
1235 2577 1444 2644 desciuerint.

325 2676 398 2740 Hoc
420 2698 479 2761 per
501 2676 631 2759 singula
661 2675 845 2760 fragmenta
873 2677 1045 2742 ostendere
1067 2689 1100 2744 et
1122 2679 1256 2764 longum
1279 2690 1312 2745 et
1333 2701 1444 2766 super-

326 2798 508 2841 uacaneum
531 2788 592 2858 est,
618 2799 691 2842 cum
713 2777 835 2864 ubique
857 2779 927 2843 fere
950 2780 1018 2844 eius
1041 2781 1089 2845 rei
1104 2783 1291 2850 testimonia
1313 2791 1442 2864 extent3

326 2876 429 2942 multa
461 2878 612 2965 inprimis
643 2901 681 2944 eo
711 2879 911 2965 pertinentia
943 2881 977 2945 iu
1005 2881 1182 2968 Sexa'gessi
1215 2892 1248 2948 et
1281 2884 1315 2947 in
1348 2882 1446 2969 Ταφῄ

326 2981 521 3057 Μενίππου,
546 2979 663 3045 deinde
679 2981 714 3043 in
728 2978 1069 3070 Γερονποὸιδασκάλῳ
1093 2995 1126 3050 et
1147 2985 1181 3050 in
1197 2985 1348 3050 Bimarco
1363 2984 1443 3050 mul-

325 3081 432 3166 tisque
460 3079 533 3146 aliis
562 3082 770 3148 invenientur
779 3084 815 3168 ¹).
859 3085 976 3172 Itaque
997 3109 1037 3151 ea
1064 3087 1256 3174 plerumque
1278 3109 1362 3174 quae
1385 3109 1445 3174 per

325 3182 489 3248 luxuriem
511 3192 545 3248 et
568 3185 741 3248 avaritiam
765 3185 946 3270 depravata
968 3198 1062 3253 erant
1083 3189 1279 3273 insectatum
1307 3189 1367 3254 sed
1390 3188 1444 3253 de-

326 3305 418 3349 orum
441 3305 569 3372 quoque
592 3286 836 3372 superstitiosas
863 3298 895 3353 et
922 3311 1036 3353 recens
1060 3289 1188 3354 demum
1216 3291 1367 3356 inductas
1395 3314 1444 3356 re·

324 3385 472 3471 ligioneS,
495 3385 586 3453 velut
608 3386 732 3452 cultum
749 3388 916 3476 Serapidis
941 3391 1031 3476 (nam
1053 3390 1143 3456 illum
1163 3391 1321 3457 Pseuduli
1342 3391 1444 3478 Apol-

324 3486 400 3551 linis
424 3479 553 3552 nomine
575 3487 706 3554 videtur
729 3491 946 3578 significasse)
969 3491 1173 3580 Magnaeque
1196 3493 1312 3558 Matris
1334 3517 1443 3580 repre·

323 3589 479 3654 hensione
508 3589 625 3674 dignas
649 3591 832 3675 existimut3
861 3593 904 3656 cf.
927 3592 1060 3658 Seruius
1084 3595 1127 3660 ad
1150 3596 1233 3660 Aen.
1255 3595 1342 3661 VIII
1364 3604 1442 3668 698:

325 3692 445 3754 ‘Varro
460 3697 649 3771 indiquatur,
675 3699 902 3759 Alexandrinos
923 3700 994 3760 deos
1008 3701 1123 3761 Romae
1137 3705 1220 3762 colt'
1253 3696 1328 3762 Huc
1344 3698 1443 3763 etiam

326 3791 489 3877 quendam
512 3785 617 3856 κακὸν
640 3793 785 3876 δαίμονα
813 3794 894 3860 alias
917 3797 1066 3881 ignotum
1087 3799 1251 3883 pertinere
1273 3809 1353 3885 puto
1360 3847 1369 3880 ,
1399 3800 1441 3864 cf.

329 3885 425 3976 Ταφὴ
442 3885 627 3958 Μενίππου
642 3894 706 3960 ΙΙΙ.
752 3895 817 3962 Sed
840 3907 1012 3983 poetarum
1035 3921 1162 3985 quoque
1184 3901 1348 3987 quendam
1369 3923 1443 3965 neo-

325 3995 499 4061 tericorum
521 3995 752 4084 Quintiporem
775 3997 935 4080 Clodium,
960 3999 1000 4063 do
1022 4021 1086 4085 quo
1108 4001 1172 4064 nisi
1194 4002 1376 4068 eVarrone
1398 4002 1443 4066 nil

411 4251 437 4317 1)
455 4253 535 4304 Haeo
553 4254 604 4305 duo
625 4271 658 4305 ex
676 4255 824 4322 Sexagessi
844 4256 993 4307 adnotasse
1012 4255 1146 4308 sufficiet:
1173 4259 1262 4324 ‘Erpo
1281 4265 1335 4308 tum·
1349 4261 1443 4310 Romae

325 4353 404 4401 parce
420 4355 536 4404 pureque
555 4342 675 4404 pudentis
696 4341 796 4390 Vtuere
818 4343 844 4390 iu
864 4343 969 4406 patriu-
992 4349 1020 4390 ut
1043 4359 1107 4392 nuuc
1129 4359 1211 4393 sumus
1233 4346 1260 4393 iu
1283 4343 1390 4393 rutuba'
1416 4349 1443 4394 et

325 4421 360 4470 Iu
378 4439 482 4487 quarum
499 4425 578 4474 locum
594 4425 726 4475 subierunt
742 4427 880 4491 inquilinae
897 4427 1026 4490 impietas,
1045 4429 1163 4492 perfidia,
1183 4429 1361 4496 impudicitia!
