3280 5306
381 442 444 507 272
748 445 952 504 sebtenbris
968 445 1131 504 VARRONIS

383 619 453 676 153.
479 616 566 678 Nunc
580 617 613 676 in
630 615 787 697 segetibus
803 617 889 675 aiunt
905 617 956 674 ‘in
971 613 1098 689 berbis’,
1119 614 1152 674 iu
1174 612 1276 674 herbis
1299 612 1347 672 ‘in
1361 613 1492 674 frumen-

475 702 515 762 tis
535 701 620 762 bona
647 704 740 762 sunt’
780 700 885 762 Nolite
912 699 956 760 ibi
982 701 1108 761 nimiam
1129 719 1217 779 spem
1236 697 1359 758 hebere.
1396 698 1493 778 Saepe

476 786 580 848 audiui
600 786 680 846 inter
702 806 736 847 os
758 793 790 845 et
814 785 905 846 offam
919 785 1013 844 multa
1032 785 1223 844 interuenire
1237 803 1339 864 posse.
1382 785 1493 852 Verum
1591 800 1592 840 t

475 872 558 932 inter
572 870 698 932 herbam
715 879 746 931 et
761 871 851 932 offam
863 871 990 949 longum
1004 869 1201 930 interuallum
1217 877 1273 929 est.

384 1042 452 1102 154.
475 1041 536 1102 Pro
553 1041 649 1101 amico
664 1060 760 1121 saepe
775 1041 850 1101 mori
866 1039 1002 1120 expedit.

385 1129 455 1187 155.
477 1126 710 1206 Iniquissimum
726 1133 782 1199 est,
798 1124 881 1186 bono
897 1123 1020 1206 publico
1037 1123 1184 1185 derelicto
1201 1143 1303 1184 amare
1318 1123 1417 1182 solum
1431 1142 1473 1182 se.

382 1214 452 1272 156.
476 1212 578 1272 Valde
600 1219 702 1272 cutem
721 1212 882 1271 tristantur
902 1211 1005 1270 anima
1027 1219 1058 1270 et
1078 1228 1187 1288 corpus
1209 1208 1249 1269 ad
1265 1209 1314 1270 sni
1328 1207 1491 1289 separatio·
1591 1234 1592 1242 ¹

476 1315 548 1356 nem
565 1304 597 1355 et
610 1296 669 1356 boc
684 1303 811 1375 propter
831 1295 1002 1355 naturalem
1021 1304 1052 1354 et
1069 1295 1206 1354 intimam
1226 1313 1318 1375 quam
1335 1292 1377 1352 ad
1394 1312 1428 1354 se
1444 1293 1491 1351 ba-

473 1381 549 1441 bent
563 1381 718 1442 unionem.

382 1463 466 1544 [157.
489 1467 527 1526 15
543 1466 629 1527 nullo
645 1485 756 1526 auarus
771 1464 884 1540 bonus,
900 1464 957 1525 sed
972 1466 1005 1525 in
1020 1485 1054 1526 se
1069 1483 1192 1544 semper
1206 1457 1384 1544 pessimus]

381 1632 468 1713 [158.
490 1636 628 1709 Nemini,
650 1635 722 1715 quic
736 1655 833 1696 senex
852 1632 1000 1708 addiscit,
1022 1634 1213 1696 uerecundia
1234 1643 1282 1694 est
1302 1633 1491 1708 incutienda;

473 1721 582 1780 melius
599 1720 681 1780 euim
701 1739 807 1780 senem
829 1717 1021 1782 addiscendo
1042 1721 1108 1800 pati
1129 1718 1391 1793 erubescentiam,
1409 1738 1493 1798 quam

476 1825 532 1884 per
548 1806 754 1885 ignorantiam
769 1825 901 1884 poenum
916 1805 1086 1885 promereri
1101 1801 1283 1884 aeternam]

381 1992 429 2040 153
447 1990 608 2040 Vincentius
619 1989 830 2040 Bellouecensis
841 1990 870 2039 in
883 1988 995 2055 speculo
1007 1989 1156 2039 doctrinali
1169 1989 1207 2040 VI
1220 1990 1282 2050 1283
1301 1989 1386 2040 deest
1402 1989 1454 2038 ΑΡ.
1465 2014 1493 2022 -

381 2060 513 2110 154-157
541 2063 648 2109 tantum
677 2061 704 2108 iu
734 2058 804 2108 libro
832 2056 1017 2108 moralitatum
1046 2055 1182 2107 Matthiae
1208 2057 1388 2108 Farinatoris
1414 2055 1493 2120 (Aug.

378 2125 488 2179 Vindel.
508 2125 588 2188 1477)
607 2131 766 2187 occurrunt;
786 2126 822 2175 ei.
843 2124 979 2176 Oehlerus
992 2125 1033 2178 ed.
1047 2129 1112 2178 satt.
1125 2139 1152 2190 p.
1163 2127 1189 2177 9.
1201 2150 1235 2158 —
1264 2127 1314 2176 156
1326 2126 1372 2176 ibi
1385 2141 1400 2174 e
1414 2129 1426 2163 5
1434 2125 1493 2174 Var·
1591 2135 1592 2146 ¹

378 2209 444 2244 tune
463 2197 491 2244 iu
508 2194 656 2244 sententiis
671 2193 742 2243 libro
757 2194 900 2257 septimn’,
937 2195 1014 2244 1575
1041 2194 1181 2242 ‘Varrone
1204 2194 1234 2241 in
1257 2192 1409 2242 sententiis
1430 2192 1493 2242 libro
1591 2211 1592 2234 1

379 2266 472 2312 sexto’
495 2261 637 2324 laudatum
667 2263 714 2312 sed
734 2260 770 2311 et.
789 2262 820 2310 P.
840 2261 901 2325 Syri
918 2265 988 2310 sent.
1006 2263 1057 2309 2⁴24
1075 2277 1101 2325 p.
1120 2262 1170 2310 2⁷5
1193 2259 1330 2312 Ribbeck.
1376 2260 1425 2312 ‘ln
1441 2257 1492 2308 nul-

380 2330 432 2379 lum
453 2345 553 2380 errares
571 2329 659 2380 bonus
677 2333 733 2391 est,
758 2331 787 2378 iu
805 2343 835 2378 se
853 2328 1009 2394 pessimus)
1028 2353 1060 2362 -
1097 2328 1145 2378 158
1162 2329 1203 2378 515
1221 2327 1257 2389 Ρς
1277 2327 1361 2378 deest
1378 2329 1403 2378 A
1420 2331 1447 2378 et
1463 2325 1492 2375 ab

379 2397 421 2447 his
439 2399 585 2450 sententiis
604 2396 698 2448 aliena
715 2397 833 2448 uidetur.
855 2422 881 2430 —
