3280 5306
568 434 612 492 nx
634 433 781 492 lucanus
804 435 962 508 ssrvurs
1176 385 1179 394 ’
1250 428 1314 494 239

277 595 397 683 'Atque
419 595 552 662 innixae
576 597 720 682 [aercae]
742 599 776 682 in
794 596 969 674 ,cardinum
991 596 1138 663 tirbines

278 695 405 765 Tardos
428 736 479 762 —.

712 799 795 883 †VI
841 849 845 854 -

277 901 365 968 Huic
388 900 502 966 similis
527 903 598 987 [ex]
622 901 708 967 curis
732 901 887 989 expedita
909 899 1116 968 lamentatur.

220 1087 224 1096 Α
276 1119 474 1187 Macrobius·
488 1121 620 1189 Saturn.
643 1019 751 1206 Viti}
762 1022 833 1192 llil
846 1116 1078 1212 Woppoao‘eto·
1093 1131 1202 1189 autem
1226 1143 1311 1187 seor-

192 1243 264 1287 sum
287 1243 346 1310 pro
369 1221 480 1289 multis
503 1221 608 1289 Varro
632 1245 729 1311 saepe
751 1223 785 1288 in
807 1223 988 1312 Menippeis
1012 1225 1080 1290 suis
1103 1224 1235 1312 posuit?
1328 1219 1347 1280 5

255 1395 258 1412 .
465 1417 469 1427 ¹
656 1341 844 1430 †V111⁴(7)
966 1407 971 1418 .

161 1513 171 1532 „
275 1442 401 1509 Nonius
424 1465 457 1531 p.
480 1450 553 1528 206,
577 1452 618 1515 24
652 1443 879 1512 ‘Fulmentum
902 1455 1031 1530 neutro,
1054 1455 1090 1511 ut
1112 1453 1162 1512 est
1182 1445 1215 1510 in
1238 1467 1310 1532 pro·

189 1544 321 1628 uerbio,
350 1565 414 1632 quo
437 1545 543 1612 Varro
565 1545 668 1613 utitur
691 1547 838 1634 saepius:
871 1547 1045 1613 Fulmenta
1072 1545 1191 1613 lectum
1219 1569 1310 1613 scan-

191 1647 297 1712 dunt'

669 1731 754 1816 ΗΧ
778 1731 827 1819 (6)

274 1831 398 1897 Seneca
413 1825 671 1898 Ἀποκολοκυντ.
683 1855 711 1898 e.
726 1843 745 1906 8
768 1829 1012 1918 ’Ἐπικούρειος
1027 1827 1125 1910 θεὸς’
1142 1835 1199 1921 (sc.
1214 1833 1309 1900 Olau-

190 1933 278 2018 dius)
302 1938 385 2000 ‘non
399 1945 509 2023 potest
524 1956 611 2000 esse:
636 1927 714 2000 οὔτε
736 1929 837 2012 αὐτὸς
859 1935 994 2020 πρᾶγμα
1016 1937 1082 2020 ἔχει
1103 1929 1181 2001 οὔτε
1196 1933 1360 2012 uiliorem

189 2034 335 2120 παρέχει.
380 2036 534 2103 Stoicus?
557 2035 718 2124 quomodo
741 2046 850 2125 potest
871 2037 1067 2102 rotundus
1096 2060 1179 2122 esse,
1202 2048 1240 2104 ut
1262 2039 1310 2103 ait

188 2135 307 2221 Varro,
332 2137 418 2203 sine
441 2137 594 2224 capite,
617 2139 703 2204 sine
726 2139 986 2227 praeputio‘l’

695 2255 729 2322 X
753 2259 802 2344 (2)

273 2355 498 2424 Tertullianus
521 2357 724 2445 apologetico
746 2381 774 2423 e.
793 2368 832 2429 14
855 2359 939 2425 ‘Sed
962 2369 995 2426 et
1012 2359 1177 2445 Diogenes
1199 2359 1309 2424 nescio

188 2459 268 2545 quid
290 2460 324 2523 in
346 2457 522 2524 Herculem
544 2458 628 2526 ludit
650 2468 683 2525 et
704 2459 872 2525 Romanus
895 2461 1030 2548 cynicus
1053 2459 1161 2526 Varro
1184 2469 1307 2526 trecen·

187 2569 238 2625 tos
261 2561 357 2628 Ioues
383 2599 417 2609 —
444 2560 514 2626 siue
536 2561 703 2648 Iuppitros
733 2561 890 2628 dicendos
912 2601 955 2610 —
977 2563 1047 2627 sine
1075 2561 1239 2649 capitibus
1261 2561 1357 2650 inlu

187 2661 356 2728 troducit.'
401 2662 494 2729 Idem
516 2661 559 2727 ad
581 2662 731 2730 nationes
754 2665 828 2734 110
851 2663 935 2730 ‘Sed
957 2674 991 2730 et
1007 2663 1174 2749 Diogenes
1197 2664 1307 2730 nescio

187 2763 266 2850 quid
292 2764 328 2828 in
356 2763 531 2831 Herculem
563 2765 642 2831 lusit
674 2777 707 2834 et
739 2765 878 2832 Romani
911 2765 978 2831 stili
1007 2766 1172 2851 Diogenes
1201 2767 1307 2832 Varro

186 2874 348 2931 trecentos
382 2866 479 2933 Ioues
509 2889 632 2933 -seu
660 2867 846 2955 Iuppiteres
881 2866 1055 2933 dicendum
1090 2876 1141 2933 est
1168 2905 1210 2916 —
1237 2868 1307 2932 sine

186 2967 349 3056 capitibus
372 2969 522 3036 inducit?

270 3171 447 3238 Diomedes
464 3173 481 3237 I
496 3195 529 3261 p.
546 3179 618 3258 371,
635 3182 675 3245 23
698 3173 808 3239 ‘Haeo
831 3173 872 3238 de
895 3182 1048 3260 quattuor
1071 3173 1305 3258 coniugationi-
1317 3175 1357 3236 20

186 3270 261 3354 bus,
284 3294 368 3357 quae
390 3273 555 3360 pertinent
577 3273 620 3339 ad
642 3275 757 3358 uerba,
779 3295 864 3361 quae
886 3274 1056 3359 analogiae
1078 3283 1205 3361 parent,
1228 3296 1306 3360 qua-

187 3442 336 3493 Varronem
355 3445 401 3508 qui
420 3444 461 3494 ait
480 3449 538 3495 ...’
574 3445 652 3507 Quae
672 3459 733 3495 oum
751 3451 866 3497 metrum
892 3446 1024 3496 creticum
1043 3447 1176 3498 Varronis
1195 3445 1306 3495 Atacini

186 3526 241 3560 non
260 3525 321 3561 essa
341 3511 478 3575 ostendat,
499 3512 533 3562 ad
546 3512 709 3579 Menippeas
728 3513 876 3564 referenda
894 3517 967 3579 puto.
1021 3514 1059 3565 VI
1078 3513 1190 3579 Sergius
1209 3513 1238 3562 in
1250 3513 1304 3563 Do·

186 3582 280 3628 natum
299 3595 325 3645 p.
344 3581 402 3644 564,
423 3581 453 3630 17
477 3580 510 3630 Κ.
541 3579 737 3646 ‘Superuaeue
759 3581 869 3647 ponitur
892 3587 940 3643 (sc.
959 3581 1154 3647 praepositio),
1177 3584 1208 3630 ut
1231 3579 1305 3645 apud

186 3647 338 3698 Varronem
428 3663 466 3699 ex
485 3649 558 3699 enlm
576 3663 750 3714 superuacua
768 3653 831 3701 est‘
884 3649 908 3698 X
928 3647 971 3702 Cf.
990 3647 1071 3714 proll.
1089 3664 1117 3714 p.
1137 3651 1177 3700 10.
1196 3651 1238 3701 31.
1261 3648 1304 3697 De

189 3841 197 3891 1
224 3855 319 3896 aereae
335 3839 435 3896 addidi
447 3829 461 3919 Η
519 3841 534 3892 2
557 3839 649 3896 tardos
673 3840 795 3897 turbines
805 3839 890 3896 »Cosa
907 3830 921 3920 ΙΙ
937 3839 1062 3897 Creticus
1077 3839 1194 3912 institui,
1215 3838 1305 3895 uerbo

184 3926 318 3980 constitui
329 3915 344 4004 ll
387 3927 403 3979 ³
419 3941 450 3980 cx
466 3926 530 3981 edd.
543 3924 655 3982 Kellios
669 3915 682 4004 {l
698 3925 807 3999 expedit
821 3925 1001 3982 alumentutur
1014 3925 1076 3980 eod.
1093 3924 1273 3981 besontinus
1290 3915 1303 4002 ll

184 4013 200 4061 4
228 4015 437 4083 ψαμμακοισια
468 4009 563 4068 Puris.
601 4011 680 4065 deest
715 4009 849 4067 Cantaba
887 4007 987 4066 Sallsb.
1020 4000 1034 4088 [Ι
1099 4013 1114 4062 'l
1143 4008 1303 4065 fulmentum

184 4091 285 4150 lectum
302 4085 353 4174 Lll
409 4093 771 4171 9επικουρηος8αηρα11.
793 4111 871 4152 corr.
888 4085 1075 4173 Rhenanusll
1134 4097 1166 4148 10
1187 4081 1219 4161 ὃς
1235 4079 1304 4148 οὔτε

185 4171 394 4260 Fromondurll
409 4195 482 4252 εχιετ
505 4179 593 4254 Souy.
621 4179 737 4256 πλρεχει
757 4182 795 4237 ld.
816 4197 893 4236 corr.
915 4180 1075 4236 Rhenanus
1089 4169 1103 4259 ΙΙ
1161 4181 1191 4232 11
1215 4177 1303 4234 Seno·

185 4266 258 4320 mum
279 4267 309 4322 lu
338 4264 477 4322 Varronis
498 4267 594 4324 uerbis
613 4268 704 4322 lacesse
728 4265 924 4322 Buechelerus
940 4270 1027 4337 putot
1047 4255 1061 4342 Η
1126 4267 1157 4318 lo
1183 4263 1303 4338 lupitros

184 4351 264 4406 codd.
278 4351 409 4422 plerique
439 4351 571 4426 iupiteros
592 4353 651 4408 siue
672 4351 750 4408 leues
771 4352 822 4407 olli
837 4345 875 4426 (ln
890 4343 975 4426 epol.)
992 4341 1006 4429 [Ι
1061 4350 1091 4401 21
1116 4349 1304 4424 pertenentB
