3326 5304
346 449 387 514 74
818 451 946 510 CAPVT
972 451 994 508 ll

345 618 452 683 Prom.
476 614 534 680 lib.
552 616 622 680 XII
644 624 677 681 et
703 617 788 696 Ταφ.
805 617 892 679 Mac.
909 615 1029 681 XVIII
1050 626 1083 681 et
1098 616 1191 700 Virg.
1206 615 1275 680 diu.
1298 617 1333 680 X
1355 615 1463 700 (cuius

347 718 509 784 sententia
530 738 595 781 non
619 727 669 782 est
690 715 803 803 plana)
826 717 869 781 ad
895 727 1068 804 utrumque
1089 717 1254 804 pertinere
1281 741 1463 784 sermonem

344 831 491 909 possunt.

431 920 497 988 Sed
516 944 615 986 unam
638 921 745 986 adhuc
767 942 836 986 rem
852 920 999 986 consulto
1019 920 1238 1005 negleximus,
1254 943 1338 1008 qnae
1353 921 1464 1006 magni

345 1025 500 1089 momenti
522 1024 556 1088 in
577 1045 613 1087 re
640 1033 755 1088 nostra
776 1045 850 1086 esse
871 1022 1003 1110 poterit.
1047 1023 1247 1088 Enumeraui
1271 1022 1403 1109 quidem
1424 1045 1464 1088 ea
1502 1061 1504 1064 ·

347 1125 487 1212 quaein
509 1125 702 1210 fragmentis
726 1125 873 1210 poeticae
901 1124 1148 1210 compositionis
1171 1125 1313 1210 uestigia
1333 1134 1411 1210 puto
1421 1124 1462 1209 1);

345 1227 489 1293 nondum
521 1234 632 1291 autem
665 1226 888 1308 consideraui,
924 1249 999 1291 cum
1024 1227 1060 1289 in
1090 1226 1142 1291 his
1175 1227 1295 1292 saturis
1327 1234 1464 1312 uterque

347 1351 453 1395 sermo
476 1329 599 1392 mixtus
623 1328 676 1416 sit,
699 1329 733 1392 in
755 1327 892 1412 singulis
915 1349 1044 1414 quoque
1063 1328 1256 1412 fragmentis
1271 1327 1366 1392 huius
1389 1349 1463 1392 con-

344 1431 521 1497 iunctionis
543 1427 699 1516 reliquias
721 1429 816 1496 nobis
839 1430 987 1517 potuisse
1009 1431 1150 1513 seruari3
1174 1430 1253 1516 quid
1273 1429 1376 1514 igitur
1398 1427 1463 1494 dis-

345 1533 516 1622 putatione
538 1550 612 1596 mea
633 1531 808 1618 probatum
828 1540 896 1613 est,
925 1532 990 1596 nisi
1011 1531 1094 1596 haec
1115 1531 1189 1617 ipse
1210 1538 1339 1597 tanturm
1360 1530 1465 1596 uerba

347 1633 528 1719 dequibus
551 1632 622 1696 dixi
644 1632 774 1718 poetica
796 1655 882 1714 esse,
905 1631 1048 1720 reliquas
1070 1631 1187 1698 herum
1208 1631 1462 1717 fragmentorum

347 1744 457 1822 partes
480 1733 523 1798 ad
545 1755 677 1819 prosam
698 1755 764 1798 non
785 1735 950 1820 pertinere
970 1732 1118 1800 nondum
1133 1734 1305 1801 constare?
1326 1733 1372 1800 Et
1384 1753 1464 1798 sane

347 1836 573 1923 quaestionem
600 1857 687 1900 nunc
716 1835 844 1920 attingo
873 1835 955 1900 satis
984 1835 1166 1922 spinosam,
1195 1857 1294 1922 quam
1320 1843 1357 1900 ut
1384 1855 1465 1900 sana

346 1937 474 2004 ratione
497 1946 531 2003 et
552 1946 711 2024 quantum
733 1937 856 2024 possim
878 1935 1032 2002 facillime
1054 1936 1233 2024 perficiam,
1247 1935 1309 2001 hoc
1323 1937 1465 2023 primum

345 2040 560 2127 premendum
588 2049 648 2120 est,
678 2039 743 2104 duo
772 2061 907 2126 poeseos
935 2060 1056 2125 genera
1078 2037 1199 2104 saturis
1227 2037 1348 2104 iniecta
1375 2059 1462 2104 esse:

319 2206 322 2212 .
346 2141 491 2206 carmina
518 2139 591 2205 dico
619 2139 756 2226 abipso
779 2141 928 2205 Varrone
950 2141 1136 2226 conscript-a
1158 2137 1212 2204 uel
1238 2139 1390 2206 breuiora
1411 2138 1466 2206 uel

346 2242 498 2327 longiora
524 2251 558 2306 et
584 2239 723 2307 aliorum
749 2251 920 2328 poetarum
951 2263 1068 2307 uersus
1096 2263 1294 2308 uersuumue
1323 2239 1466 2308 frustula

347 2344 389 2410 ab
418 2343 474 2410 illo
500 2341 630 2409 adlatos
659 2343 867 2430 saepissime3
896 2340 1014 2409 deinde
1035 2343 1302 2429 inuestigandum
1324 2365 1466 2430 quonam

346 2444 444 2513 modo
466 2468 540 2510 cum
562 2445 709 2530 pedestri
737 2468 887 2510 sermone
912 2453 1086 2531 utrumque
1114 2467 1217 2530 genus
1246 2444 1465 2512 coniunxerit.

346 2547 495 2614 Accedet
515 2556 680 2633 postremo
703 2547 863 2634 quaestio,
878 2570 956 2612 num
977 2547 1146 2613 uariorum
1167 2555 1346 2614 metrorum
1367 2545 1466 2612 nullis

346 2671 464 2738 prosae
485 2647 669 2714 interuallis
693 2647 928 2736 diremptorem
950 2649 1070 2714 seriem
1091 2648 1281 2714 continuam
1301 2647 1465 2735 possimus

347 2750 445 2818 hodie
467 2749 626 2815 inuenire.

433 2850 585 2918 Aliorum
611 2850 715 2935 igitur
743 2860 916 2938 poetarum
937 2873 1053 2918 uersus
1076 2873 1151 2916 eum
1172 2852 1321 2940 potuisse
1343 2851 1463 2918 saturis

349 2954 437 3024 omni
458 2955 556 3020 modo
578 2953 782 3042 inspergere,
804 2961 842 3018 ut
861 2952 915 3022 uel
938 2953 1120 3018 sententiae
1142 2953 1207 3017 fine
1229 2975 1250 3017 a
1270 2951 1466 3040 praeceden-
1512 3025 1514 3028 ,

347 3057 434 3122 tibus
457 3065 710 3140 segregarentur
736 3053 790 3120 uel
816 3060 881 3118 uno
903 3063 1016 3120 tenore
1044 3052 1109 3118 illis
1138 3055 1410 3141 adiungerentur,
1433 3065 1467 3120 et

348 3179 407 3244 per
429 3179 464 3222 se
485 3157 629 3222 maxime
651 3166 703 3223 est
723 3155 893 3243 probabile
915 3165 949 3222 et
971 3154 1128 3244 exemplis
1150 3145 1371 3238 confirmatur,
1392 3179 1467 3222 cum

349 3280 433 3346 quae
458 3250 573 3342 Ἀνθρ.
594 3259 654 3324 VI.
688 3258 771 3324 Bim.
794 3260 822 3326 Ι.
863 3258 959 3324 Eum.
982 3258 1060 3323 VII.
1098 3261 1183 3338 Tap.
1210 3262 1299 3324 Mev.
1326 3259 1375 3324 VI
1404 3257 1466 3326 sub

264 3354 266 3357 ’
349 3360 458 3428 Plauti
480 3360 569 3425 Enni
584 3359 696 3428 Scanti
710 3360 897 3426 nominibus
920 3359 1123 3442 adferuntur,
1144 3359 1258 3426 eodem
1274 3382 1347 3424 cum
1361 3359 1466 3446 ipsius

349 3461 531 3530 sententiae
552 3461 663 3528 uerbis
686 3462 812 3529 ambitu
838 3460 1081 3542 contineantur,
1110 3461 1144 3526 in
1170 3484 1235 3528 uno
1257 3462 1305 3546 fg.
1327 3464 1465 3545 Γεροντ.

349 3565 433 3632 XVI
460 3563 548 3628 Enni
582 3565 686 3630 uerba
713 3573 746 3630 et
771 3572 808 3628 ut
842 3563 976 3629 uidetur
1007 3561 1177 3649 Euripidis
1207 3559 1284 3644 asp-l
1309 3559 1420 3645 tossp.
1448 3563 1467 3630 Ι

348 3664 447 3754 paulo
477 3664 621 3730 seuerius
649 3673 821 3750 segregata
848 3665 923 3730 sint.
978 3664 1105 3731 Eodem
1137 3663 1235 3746 modo
1262 3673 1341 3730 tunc
1368 3665 1466 3733 etiam

349 3768 379 3832 si
394 3765 537 3832 auctoris
553 3787 670 3834 nomen
685 3775 773 3832 tacet
787 3771 839 3852 (ut
853 3764 941 3854 quod
956 3765 1142 3852 legentibus
1157 3777 1272 3861 notum
1286 3789 1360 3834 esse
1374 3789 1466 3855 prae-

351 3904 552 3917 uun—m

435 3971 461 4038 1)
479 3973 541 4024 Non
553 3973 607 4024 erit
616 3987 856 4040 superuacaneum
868 3976 1008 4040 repetere,
1022 3973 1092 4038 quod
1105 3972 1162 4024 dixi
1173 3991 1201 4040 p.
1213 3975 1255 4026 56.
1268 3973 1308 4033 58,
1326 3972 1467 4040 pedestria

350 4057 515 4126 singillatim
538 4057 634 4110 eodem
657 4057 737 4110 modo
753 4073 798 4122 me
820 4073 876 4109 non
899 4072 961 4110 esee
983 4056 1225 4124 perlustraturum,
1249 4057 1298 4114 scd
1320 4058 1350 4116 iu
1370 4057 1466 4112 horum

350 4158 491 4194 numerum
506 4143 598 4194 omnia
611 4157 673 4195 esse
685 4142 832 4194 referenda
849 4144 878 4193 in
896 4143 995 4208 quibus
1012 4143 1141 4206 poeticae
1161 4143 1229 4194 artis
1242 4143 1323 4210 signa
1340 4157 1403 4194 non
1421 4141 1466 4191 de-

349 4227 552 4294 prehendimus.
588 4226 642 4280 Sed
659 4227 712 4279 hoc
731 4228 833 4279 addere
851 4226 963 4291 licebit,
987 4225 1060 4277 sales
1082 4226 1257 4292 facetiaeque
1275 4226 1305 4277 in
1323 4225 1390 4278 solie
1408 4225 1467 4276 fere

349 4312 482 4375 prosariis
498 4311 632 4372 inueniri,
655 4313 788 4378 quamuis
799 4313 881 4378 quia
903 4312 1021 4379 poeticis
1042 4303 1205 4363 omnino'ea
1217 4310 1336 4363 diceret
1358 4309 1467 4375 abesse,

350 4394 463 4446 nimium
481 4395 601 4462 diceret,
620 4397 658 4450 ci.
675 4397 753 4448 Eum.
771 4397 822 4450 111.
839 4396 934 4448 XVIII
951 4395 998 4448 all.
