3274 5296
646 379 651 404 l

312 415 354 480 58
781 416 909 473 CAPVT
938 416 959 470 ll

313 583 505 670 quisitione,
541 603 640 668 quam
672 602 757 645 nunc
792 580 982 664 aggredior,
1016 577 1117 645 multo
1145 579 1251 642 minus
1279 579 1341 645 hoe
1369 579 1430 644 erit

313 684 572 772 respiciendum,
594 705 672 747 num
695 681 927 747 sententiae
950 681 1015 746 sint
1036 703 1113 746 uere
1135 681 1337 767 poeticae-
1353 703 1430 746 nam

315 786 513 852 carminibus
543 807 594 848 res
623 793 750 848 tantum
772 807 849 848 uere
871 784 1017 868 poeticas
1042 782 1226 848 describere
1248 782 1431 848 Varronem

312 911 518 974 nequaquam
552 886 684 973 quidem
718 886 856 951 dubium
886 893 936 950 est
965 884 1151 949 describere
1177 883 1337 966 uoluisse,
1372 884 1431 948 sed

313 991 396 1056 bene
418 989 478 1053 has
503 989 687 1053 discernere
709 1010 776 1053 non
798 987 920 1074 ubique
948 986 1079 1051 uidetur
1100 987 1247 1073 potuisse
1268 1024 1311 1034 —-
1332 1008 1432 1073 quam

312 1092 451 1156 alterum
466 1089 558 1174 illud,
575 1114 653 1156 num
668 1091 792 1155 uerba
814 1097 916 1153 artem
931 1088 1100 1153 redoleant
1114 1088 1292 1175 poeticam3
1309 1088 1430 1152 omnia·

313 1216 375 1278 que
390 1195 575 1277 fragmenta
591 1189 728 1279 qu'orum
743 1192 846 1257 uerba
861 1191 920 1256 tali
935 1200 1005 1255 arte
1021 1198 1143 1272 carent,
1165 1190 1251 1254 inter
1265 1189 1432 1276 pedestria

313 1293 483 1359 referenda
506 1305 617 1377 erunt3
641 1303 755 1360 contra
776 1292 962 1378 ubicunque
985 1293 1066 1356 haec
1088 1314 1141 1358 ars
1164 1291 1361 1373 inuenietur,
1383 1292 1431 1358 ibi

312 1396 365 1460 uel
394 1395 625 1477 emendando„
650 1396 679 1458 si
711 1418 792 1481 opus
820 1395 899 1477 erit,
936 1403 1077 1459 metrum
1103 1393 1341 1459 instituendum
1370 1403 1430 1458 est.

313 1501 464 1582 Augetur
485 1520 564 1563 uero
588 1498 687 1562 etiam
709 1494 926 1583 probabilitas
943 1495 1079 1561 rationis
1095 1518 1187 1560 meae
1209 1518 1250 1561 ea
1270 1499 1322 1578 rej
1345 1494 1433 1582 quod

312 1599 475 1686 pedestris
499 1598 657 1664 sermonis
681 1598 880 1663 Varroniani
902 1598 1087 1662 testimonia
1109 1607 1223 1662 extant
1243 1595 1431 1662 luculentis-

313 1701 412 1782 sima,
450 1701 537 1766 inter
566 1723 649 1788 quae
677 1700 853 1786 praecipue
880 1699 1040 1766 librorum
1064 1699 1104 1763 de
1127 1721 1161 1763 re
1184 1698 1308 1764 rustica
1331 1698 1430 1764 dictio

313 1800 487 1888 plurimam
510 1802 733 1888 prosariorum
748 1802 1007 1887 fragmentorum
1023 1800 1269 1867 similitudinem
1284 1800 1430 1888 praebet,

313 1902 367 1968 uel
389 1902 536 1968 formulis
562 1904 691 1969 dicendi
708 1903 830 1969 eisdem
845 1927 1080 1991 nonnunquam
1094 1903 1273 1990 usurpatis,
1317 1901 1431 1988 Neque

314 2015 424 2071 tamen
440 2005 714 2070 dissimulandum
731 2015 790 2088 est,
814 2007 924 2070 uarios
948 2029 1019 2071 esse
1041 2004 1285 2093 probabilitatis
1308 2003 1431 2088 gradus

313 2131 449 2194 eamque
463 2130 696 2194 nonnunquam
711 2119 748 2173 ut
760 2107 910 2194 quodque
925 2109 1145 2194 fragmentum
1160 2116 1210 2172 est
1224 2106 1369 2189 breuius,
1384 2106 1432 2170 ita

313 2209 421 2296 ipsam
449 2231 577 2296 quoque
607 2209 766 2292 deminui,
799 2220 837 2274 ut
863 2211 929 2274 sint
957 2211 1118 2297 quaedam
1145 2231 1228 2296 quae
1251 2207 1432 2273 diiudicare

315 2313 444 2378 omnino
467 2334 534 2377 non
557 2312 696 2381 licuerit.
735 2311 886 2398 Apparet
908 2313 1006 2395 euim,
1029 2313 1065 2376 in
1078 2311 1222 2377 metricis
1237 2332 1305 2376 non
1319 2332 1431 2374 unum·

313 2413 465 2501 quodque
488 2415 625 2480 uerbum
647 2413 812 2500 poeticum
834 2437 968 2496 sonare>
986 2414 1045 2479 sed
1067 2413 1147 2478 talia
1169 2436 1229 2500 per
1250 2422 1337 2478 totos
1360 2435 1431 2477 sen-

313 2517 490 2583 tentiarum
512 2517 717 2602 poeticarum
740 2515 884 2581 ambitus
909 2538 980 2581 esse
1004 2514 1168 2602 dispersa,
1201 2526 1238 2581 ut
1265 2537 1324 2580 suo
1354 2536 1432 2601 quo-

314 2619 391 2684 dam
426 2617 533 2685 colore
562 2640 616 2683 eas
653 2628 923 2703 conspergerent3
963 2618 1112 2706 potuisse
1139 2617 1240 2702 igitur
1272 2616 1358 2699 fieri,
1396 2626 1433 2682 ut

313 2719 534 2784 minutissima
548 2718 711 2805 quaedam
734 2720 917 2785 euersibus
941 2721 1008 2786 sint
1024 2730 1166 2802 seruata,
1190 2741 1274 2806 quae
1294 2717 1431 2806 poeticis

274 2830 283 2848 ’
313 2823 455 2886 fortasse
478 2820 588 2885 uerbis
612 2821 734 2884 fuerint
755 2822 917 2906 proxima,
941 2822 1015 2908 ipsa
1038 2831 1148 2886 autem
1170 2819 1250 2884 talia
1271 2841 1337 2884 non
1359 2842 1432 2885 con-

314 2925 456 3006 tineant3
485 2943 547 2986 nec
574 2931 684 2986 tamen
705 2921 808 2987 multa
831 2933 922 3005 sunt,
951 2924 986 2987 in
1008 2923 1128 3010 quibus
1150 2923 1232 2987 haec
1254 2920 1432 2988 difficultas

306 3023 432 3090 oritur.
477 3023 588 3088 Aliam
610 3033 719 3088 autem
742 3025 884 3090 existere
908 3025 1138 3091 difficultatem
1158 3024 1271 3091 uerbis
1294 3023 1433 3089 aliorum

315 3125 510 3212 scriptorum
526 3125 595 3190 siue
611 3126 820 3212 pedestribus
837 3127 907 3192 siue
923 3127 1058 3214 poeticis
1075 3126 1260 3194 aVarrone
1276 3127 1431 3214 inspersis

314 3227 403 3291 infra
426 3226 671 3294 demonstrabo.

307 3337 309 3341 ’
398 3326 470 3394 Iam
491 3352 569 3396 uero
593 3331 636 3394 ad
658 3329 822 3418 poeticum
837 3330 999 3396 Varronis
1024 3352 1204 3396 sermonem
1225 3341 1315 3397 recte
1337 3328 1432 3394 aesti-

313 3432 469 3497 mandum
497 3433 609 3517 magni
638 3443 688 3498 est
715 3432 887 3514 momenti,
922 3444 958 3499 ut
987 3455 1125 3520 quorum
1153 3431 1208 3498 ille
1237 3433 1433 3519 scriptorum

314 3534 462 3600 imitator
494 3536 642 3602 extiterit
671 3535 926 3601 consideremus.
981 3534 1094 3600 Habet
1122 3557 1200 3600 sane
1228 3534 1327 3618 etiam
1350 3555 1433 3618 quae

313 3635 386 3721 ipse
413 3636 564 3718 nouauit3
598 3659 673 3700 nam
699 3659 766 3703 non
795 3634 901 3702 solum
928 3644 1035 3701 metra
1062 3635 1224 3724 quaedam
1251 3647 1329 3703 sunt
1349 3657 1433 3722 quae

314 3737 439 3823 primus
462 3735 653 3802 adhibuisse
675 3738 822 3820 uidetur,
851 3737 891 3801 de
914 3739 1032 3824 quibus
1055 3762 1088 3802 u.
1110 3738 1215 3820 infra,
1245 3738 1303 3802 sed
1332 3736 1433 3802 multa

316 3838 415 3902 etiam
438 3838 507 3902 eius
530 3838 659 3923 poetica
681 3839 915 3925 proprietatem
937 3839 1103 3926 quandam
1133 3839 1270 3923 habent,
1299 3863 1364 3926 qua
1385 3839 1432 3904 fa-

315 3939 377 4005 cile
399 3940 441 4005 ab
458 3937 596 4005 aliorum
612 3939 800 4026 quorumuis
817 3941 1017 4007 carminibus
1033 3964 1072 4006 ea
1087 3941 1260 4027 dignosces
1284 3938 1341 4024 (cf.
1358 3963 1387 4004 e.
1404 3961 1430 4004 c.

306 4033 408 4116 ’Όνος
430 4037 534 4123 λύρας
557 4041 715 4107 1-V111.
752 4042 912 4106 Parmeno
931 4043 959 4108 Ι.
982 4042 1117 4108 Delium
1132 4066 1161 4107 a.
1179 4041 1266 4128 all),
1291 4064 1375 4128 quae
1397 4042 1433 4106 ni

316 4141 453 4207 fallere
476 4143 618 4230 quodam
644 4143 822 4209 uerborum
850 4144 976 4230 poetice
1004 4146 1208 4225 sonantium,
1241 4142 1433 4229 plerumque

317 4265 384 4309 non
405 4244 522 4310 inscite
538 4244 772 4327 adhibitorum,
796 4268 1030 4332 nonnunquam
1052 4254 1162 4311 autem
1183 4246 1285 4310 nimia
1306 4267 1432 4310 coacer-

316 4343 449 4409 uatione
479 4344 707 4429 molestarum,
735 4346 789 4412 uel
812 4347 855 4412 ad
877 4348 1055 4413 sententias
1079 4346 1210 4413 omnino
1241 4345 1432 4412 humiliores
