3288 5300
600 429 729 486 CAPV'I
751 430 772 486 ll
1247 425 1288 490 87

177 596 273 661 traric
300 595 341 659 de
370 594 557 659 saturnio
585 601 689 659 metro
723 591 896 657 dicendum
928 603 996 676 est,
1030 594 1083 658 cui
1116 603 1288 681 postquam

177 698 379 762 Hermannus
394 696 430 759 in
445 694 612 760 elementis
628 695 730 760 doctr.
746 705 839 760 metr.
855 718 888 783 p.
905 703 966 765 640
985 695 1124 760 Eumen.
1141 695 1187 781 fg.
1203 697 1289 762 VIII

177 809 208 864 et
221 799 271 864 IX
293 799 493 879 uindicauit,
516 819 581 862 non
603 798 738 862 deerant
760 797 816 882 qui
839 806 871 862 et
893 796 954 862 hoc
969 797 1147 883 probarent
1168 808 1200 862 et
1223 798 1289 862 alia

176 922 298 986 quoque
333 901 437 966 eidem
464 910 566 966 metro
604 900 773 984 iniungere
807 908 1002 986 temptarent
1010 897 1048 985 ¹).
1103 898 1169 964 Sed
1200 907 1287 965 recte

175 1001 390 1067 Buechelerus
414 1000 435 1066 l.
452 1024 479 1066 c.
503 1025 535 1088 p.
552 1009 613 1072 429
637 1024 685 1088 sq.
708 1009 831 1083 monet,
853 999 1046 1082 Varronem,
1069 1001 1098 1064 si
1120 999 1205 1066 forte
1226 1000 1288 1065 hoc

175 1114 273 1168 metro
295 1112 459 1169 uetustate
481 1102 662 1169 uenerabili
684 1102 826 1169 uoluerit
846 1103 906 1186 uti,
930 1102 1011 1167 alias
1035 1102 1152 1166 saltem
1173 1123 1211 1166 eo
1234 1125 1286 1168 res

174 1227 267 1290 quam
300 1227 381 1291 quas
419 1205 500 1270 dicit
532 1203 761 1290 ‘gruendliche
793 1203 1037 1270 Deductic'nen'
1073 1211 1287 1269 tractaturum

174 1305 284 1378 fuisse.
330 1304 396 1371 Sed
418 1315 451 1372 et
472 1306 554 1370 haec
575 1306 693 1393 partim
721 1305 866 1392 pedestri
894 1327 1042 1371 sermone
1065 1305 1189 1390 scripta
1211 1314 1287 1370 sunt

173 1407 286 1492 partim
309 1407 421 1496 metris
450 1408 649 1473 uindicanda
671 1406 760 1489 aliis,
790 1417 822 1472 et
851 1407 980 1472 omnino
1010 1429 1085 1473 cum
1106 1407 1287 1473 Varronem

173 1509 256 1572 Enni
278 1508 467 1595 Plautique,
492 1532 556 1574 non
579 1509 760 1602 Andronici
780 1506 835 1573 uel
857 1509 963 1573 Naeui
986 1518 1089 1574 artem
1111 1511 1286 1596 praecipue

172 1611 326 1695 probasse
348 1611 490 1675 maxime
513 1611 557 1677 sit
575 1609 767 1695 uerisimile,
795 1611 860 1676 nisi
876 1611 1077 1695 grauissima
1099 1621 1215 1696 cogent
1237 1634 1286 1677 ar-

171 1721 333 1796 gumenta,
356 1721 492 1778 ametro
508 1712 581 1798 plus
598 1721 728 1779 centum
748 1713 842 1778 annis
863 1712 930 1778 iam
952 1711 1098 1778 dbsolcto
1106 1712 1132 1799 ²)
1156 1715 1191 1777 in
1213 1736 1287 1796 eum

170 1811 339 1878 inferendo
361 1813 593 1880 abstinendum
614 1815 685 1879 erit.

250 1914 345 1980 Haec
373 1915 474 2000 igitur
502 1915 543 1981 de
572 1916 692 2002 quibus
715 1915 784 1982 dixi
806 1924 911 1982 metra
933 1916 961 1980 si
983 1916 1207 2000 enumerabis,
1239 1918 1286 1983 ui·

169 2015 249 2100 giuti
271 2017 419 2081 inuenies
442 2018 560 2104 quibus
583 2017 690 2083 Varro
712 2041 791 2082 usus
816 2028 876 2099 est,
899 2039 1037 2104 quorum
1058 2041 1240 2101 numerum,
1257 2021 1286 2084 si

168 2118 307 2213 iambica
329 2129 361 2184 et
383 2119 547 2184 trochaica
573 2119 606 2184 in
631 2119 760 2185 Graeca
786 2119 967 2206 Italicaque
995 2120 1141 2185 diuidere
1168 2121 1219 2184 uis
1242 2120 1285 2186 ad

169 2242 225 2282 sex
257 2230 292 2285 et
326 2219 447 2305 uiginti
475 2221 599 2307 poteris
633 2212 768 2306 augere,
802 2243 876 2286 cum
908 2242 1010 2296 unum
1041 2229 1168 2286 tantum
1199 2223 1285 2287 inter

168 2330 291 2408 septem
319 2320 376 2386 illa
405 2323 448 2387 sit
480 2332 619 2388 metrum
651 2323 854 2388 octonarium
885 2324 1062 2388 iambicum
1093 2323 1187 2388 cuius
1219 2345 1284 2388 non

167 2422 297 2488 inuenio
320 2422 471 2509 exempla
493 2426 639 2491 Graecae
662 2423 860 2490 seueritatis.
903 2423 943 2490 L.
964 2423 1141 2488 Muellerus
1164 2434 1283 2509 autern,

167 2548 238 2590 cum
258 2549 294 2612 p.
311 2534 351 2598 88
373 2526 491 2611 uiginti
514 2535 667 2613 quattuor
688 2535 793 2591 metra
813 2527 848 2590 in
871 2526 991 2590 saturis
1015 2516 1129 2590 extare
1151 2526 1282 2609 diceret,

166 2625 307 2692 ionicum
330 2626 554 2694 catalecticum
583 2638 616 2694 et
643 2627 859 2693 acatalectum
889 2637 922 2693 et
942 2626 1196 2693 choriambicum
1218 2650 1310 2694 me‘

165 2735 249 2793 trum
270 2727 434 2814 neglexit,
457 2730 621 2796 saturnios
644 2740 753 2796 autem
775 2738 945 2816 praeterea
966 2730 1174 2813 adnumerat,
1203 2753 1283 2817 quos

68 2911 71 2920 1
166 2852 224 2914 ego
247 2831 390 2896 detraxi.
435 2832 527 2897 Haec
557 2842 665 2897 autem
694 2840 799 2896 metra
828 2854 870 2897 an
898 2829 967 2896 sola
994 2831 1135 2897 Varroni
1162 2831 1285 2897 fuerint

165 2941 339 3019 usurpata,
368 2933 422 2998 cui
445 2943 646 3019 compertum
668 2934 740 2998 est?
774 2933 846 3020 quis
877 2934 939 2998 scit
966 2955 1043 2997 num
1065 2933 1284 3020 quadraginta
1324 2929 1330 2940 ’

166 3043 267 3100 metra
292 3057 377 3121 quae
399 3034 467 3100 fere
490 3035 592 3101 fuisse
613 3033 669 3100 ille
690 3037 725 3100 in
739 3034 922 3121 Menippeis
943 3043 1049 3120 putat,
1072 3058 1138 3100 non
1160 3036 1205 3102 sit
1226 3059 1283 3101 nu-

164 3159 271 3217 merus
303 3137 401 3202 etiam
431 3138 536 3201 minor
565 3159 664 3223 quam
691 3159 744 3200 res
772 3138 908 3224 poseat?
958 3136 1044 3200 Nam
1069 3136 1131 3204 hoc
1159 3147 1282 3204 certum

164 3246 221 3319 cst,
247 3238 433 3302 Varronem
461 3261 594 3326 operam
621 3238 765 3320 dedisse,
793 3248 831 3303 ut
858 3247 1013 3324 quantam
1041 3249 1151 3325 posset
1178 3240 1282 3304 uarie-

164 3348 262 3405 tatem
292 3348 330 3404 ut
353 3339 425 3404 aliis
454 3341 489 3405 in
516 3341 615 3406 rebus
639 3342 685 3405 sic
711 3342 746 3405 in
773 3341 886 3404 metris
913 3340 1086 3404 excoleret.
1137 3339 1282 3404 Plurima

164 3441 264 3526 igitur
287 3440 358 3506 eius
380 3450 486 3508 metra
512 3463 555 3506 ex
581 3443 689 3506 Ennio
717 3442 917 3506 scaenicisue
945 3441 1087 3525 antiquis
1111 3441 1283 3526 desumpta
1337 3469 1346 3479 ·

165 3554 248 3625 sunt,
272 3565 350 3630 pars
373 3552 481 3608 autem
502 3552 578 3608 ante
593 3545 774 3608 Varronem
796 3564 862 3607 non
883 3542 1014 3606 uidetur
1028 3543 1063 3606 in
1084 3565 1146 3606 usu
1168 3541 1281 3624 fuisse,

163 3645 248 3710 sicut
269 3646 369 3710 etiam
398 3655 474 3710 sunt
496 3667 578 3732 quae
601 3644 672 3730 ipse
694 3653 876 3730 postremus
900 3643 1059 3709 adhibuit.
1103 3643 1282 3709 Medium

162 3746 294 3830 igitur
317 3748 515 3833 quendam
541 3748 650 3810 inter
676 3754 878 3810 uetustam
900 3747 1052 3832 poesim
1074 3745 1280 3832 illamque,

162 3870 268 3934 quae
284 3847 461 3933 Augusti
484 3870 582 3914 aeuo
606 3846 817 3930 effloruit,
834 3847 963 3914 locum
981 3849 1128 3929 tenuit,
1143 3848 1179 3912 id
1195 3847 1281 3934 quod

246 4038 273 4095 ll
294 4037 463 4089 Ribbeckius
476 4053 545 4088 mus.
559 4036 653 4103 philol.
668 4037 732 4087 XIV
745 4037 793 4088 108
812 4034 919 4102 addidit
931 4037 1010 4086 Eum.
1027 4036 1065 4098 X3
1084 4037 1116 4086 1..
1130 4035 1280 4087 Muellerus

161 4138 186 4187 p.
205 4126 239 4175 89
257 4124 336 4174 Eum.
350 4121 400 4172 III.
420 4122 510 4174 XXII.
529 4121 629 4188 Sexag.
648 4122 694 4171 IV.
713 4121 746 4170 V.
765 4119 840 4172 VIII.

246 4207 273 4270 2)
294 4209 408 4258 Versum
427 4208 580 4258 saturnium
599 4223 616 4256 a
634 4204 777 4256 MacrobIo
794 4199 834 4256 VI
848 4207 870 4268 1,
884 4205 917 4255 37
936 4203 1038 4256 Sueuio
1057 4203 1197 4268 tributum,
1215 4221 1280 4271 poe-

160 4295 206 4343 tae
230 4292 363 4344 Varronis
385 4295 416 4341 ut
438 4290 547 4342 uidetur
569 4291 628 4341 fere
654 4288 778 4354 aequali,
810 4290 917 4341 Naeulc
947 4289 1038 4354 potius
1069 4289 1281 4346 adscribendum

162 4391 223 4429 esse
242 4391 311 4430 mus.
329 4374 424 4442 philol.
443 4376 508 4428 XIX
527 4379 577 4428 310
594 4375 731 4442 proposui.
