3326 5304
701 467 827 526 osovr
848 469 870 526 ιι
943 449 952 458 ’
1274 463 1347 544 ,89

233 644 332 701 tatem
355 633 536 698 Varronem
557 653 735 720 usurpasse
756 629 907 720 exempla
934 631 1138 698 dubitatione
1164 653 1270 698 uacua
1293 632 1347 700 do·

183 765 187 774 ·
233 747 306 802 cent
328 737 423 802 haec:
449 733 588 801 deorsum
613 733 716 820 (Caue
732 735 774 821 c.)
798 747 831 802 et
845 729 920 800 'telus
942 734 1052 823 (Eum.
1068 731 1137 820 111)
1160 743 1193 800 ct
1214 734 1349 801 intritus

235 837 337 926 (Mod.
363 837 431 925 X),
463 859 545 924 quae
571 835 619 902 illi
642 858 808 923 nunquam
836 835 986 902 discretis
1015 834 1185 902 uocalibus
1207 837 1347 902 efferunt

233 940 292 1027 (cl.
304 931 503 1004 Ritschelius
525 937 671 1025 prolcgg.
684 961 716 1024 p.
734 937 836 1004 CLX.
854 935 1024 1021 OLXIV)3
1044 937 1218 1019 promisquis
1234 939 1347 1026 (Capr.

232 1043 315 1129 pr.)3
335 1038 500 1122 fluctuanti
521 1040 630 1128 (Eum.
655 1039 798 1125 XLVI);
821 1037 1007 1105 tricliniaria
1028 1038 1106 1125 (Est
1126 1061 1169 1104 m.
1192 1041 1267 1126 m.);
1294 1061 1347 1106 uu·

232 1144 301 1209 re'os
324 1142 462 1229 (Sosq.);
486 1139 588 1208 borum
612 1132 698 1228 (Ὃν.
722 1137 819 1222 tria).
841 1142 1016 1207 Praeterea
1037 1151 1114 1207 sunt
1135 1161 1243 1228 pauca
1263 1163 1348 1230 quae

232 1246 312 1332 ipsis
336 1243 488 1310 uersibus
510 1243 637 1309 ratione
658 1245 765 1308 minus
788 1243 952 1330 probabili
974 1243 1172 1310 constructis
1194 1243 1348 1310 uerbirue

231 1347 364 1413 mutatis
388 1345 505 1412 euitari
526 1355 677 1432 possent,
705 1345 740 1410 id
762 1345 851 1432 quod
879 1367 952 1412 cum
979 1345 1157 1433 synizesim
1185 1343 1239 1411 uel
1267 1345 1347 1411 satis

232 1450 389 1515 audacem
411 1446 634 1535 Plautinisquc
656 1447 712 1534 (cf.
738 1447 937 1513 Ritschelius
963 1446 1108 1534 prolegg.
1135 1471 1168 1535 p.
1193 1446 1346 1532 CLXIV)

231 1551 418 1617 liberiorem
429 1571 502 1615 esse
517 1571 707 1615 concessam
725 1571 764 1614 ea
779 1570 863 1635 quae
874 1551 1043 1636 composui
1054 1549 1231 1631 affirment,
1247 1548 1348 1615 susci-

232 1675 309 1740 pere
336 1650 488 1739 equidem
515 1650 606 1735 nolo;
638 1659 735 1738 suntv
757 1671 840 1738 quae
869 1641 942 1716 dico
964 1649 1060 1716 haee:
1094 1649 1207 1718 ieiunio
1237 1649 1348 1736 (Eum.

179 1833 183 1840 .
232 1772 311 1859 IV);
334 1770 410 1838 edile
423 1769 517 1855 (ibid.
535 1769 649 1856 XVI);
674 1743 835 1836 de'eodcm
859 1769 873 1854 (
878 1768 958 1836 ibid.
971 1767 1109 1853 XVII);
1133 1769 1238 1836 belrius
1252 1769 1348 1856 (ibid.

232 1873 388 1960 XVIII);
426 1870 535 1940 haedis
563 1869 725 1958 (Sexag.).
787 1871 995 1957 Quamquam
1032 1870 1073 1936 de
1108 1870 1160 1936 his
1197 1871 1347 1938 omnibus

232 1977 271 2042 L.
295 1973 473 2041 Muellerus
503 1982 607 2054 tacet,
641 1973 697 2060 qui
724 1996 756 2060 p.
784 1981 845 2044 426
873 1974 1061 2060 synizeseos
1095 1971 1245 2059 exempla
1266 1973 1348 2038 Var-

232 2079 368 2144 roniana
400 2076 496 2142 affert
529 2076 571 2141 ad
600 2075 766 2161 pedestria
794 2074 979 2160 fragmenta
1007 2072 1207 2160 pertinentia
1240 2073 1349 2139 omnia

120 2217 123 2224 »
232 2189 362 2268 praeter
383 2182 557 2244 iuuenilitus
573 2175 747 2262 (Tithon.),
769 2177 804 2241 in
826 2198 889 2264 quo
912 2175 1051 2241 duarum
1072 2175 1252 2263 primarum
1274 2197 1348 2242 con-

232 2282 350 2348 tractio
373 2302 471 2368 quam
492 2277 564 2344 uult
585 2299 650 2366 qua
671 2281 743 2364 lege
765 2277 965 2365 postuletur,
989 2297 1063 2341 cum
1085 2276 1348 2363 proceleusmati-

232 2406 287 2449 cus
322 2382 421 2448 simili
449 2380 539 2446 Man.
567 2381 633 2447 XV
658 2404 690 2447 u.
721 2388 739 2450 2
773 2377 922 2466 exemplo
955 2377 1166 2460 defendatur,
1200 2378 1349 2466 equidem

230 2507 296 2551 non
318 2506 486 2572 assequor.

316 2655 445 2720 Nouam
466 2675 544 2720 uero
568 2660 601 2717 et
622 2673 771 2718 seueram
793 2650 954 2716 rationem
974 2649 1010 2714 in
1032 2649 1205 2737 positionis
1220 2649 1348 2736 legibus

233 2757 446 2824 obseruandis
468 2755 574 2821 Varro
597 2755 716 2835 tenuit,
746 2752 803 2842 qui
823 2753 885 2818 hac
907 2752 941 2816 in
968 2774 1003 2817 re
1026 2773 1046 2816 a
1068 2751 1291 2818 scaenicorum
1312 2751 1349 2817 li-

232 2861 340 2925 centia
366 2881 499 2946 prorsus
529 2857 598 2922 fere
627 2855 775 2925 desciuit.
825 2853 911 2921 Nam
933 2863 966 2920 et
994 2863 1085 2920 muta
1112 2876 1185 2920 cum
1212 2854 1348 2943 liquida,

233 2983 315 3048 quae
338 2960 427 3048 apud
448 2958 522 3026 illos
545 2956 667 3024 nullam
690 2959 821 3026 omnino
843 2957 912 3023 uim
933 2955 1107 3043 positionis
1128 2955 1244 3038 habet,
1267 2957 1349 3022 Var-

232 3062 303 3128 roni
325 3071 400 3149 post
422 3060 585 3127 Lucilium
613 3060 673 3147 (cf.
696 3061 735 3126 L.
758 3059 935 3126 Muellerus
958 3081 991 3145 p.
1016 3065 1077 3129 430
1101 3058 1164 3144 sq.)
1188 3055 1350 3146 syllabam
1436 3101 1440 3110 ·

232 3160 480 3251 praecedentem
503 3161 679 3250 ancipitem
700 3160 791 3246 facit,
815 3184 916 3250 quare
932 3159 1035 3248 (quod
1057 3181 1157 3225 unum
1171 3158 1348 3225 Muellerus

233 3265 357 3353 attulit)
383 3285 491 3344 aprum
513 3255 667 3352 (Ἄνθρ.)
691 3272 724 3328 et
745 3271 839 3329 citreis
855 3263 959 3351 (Pap.)
979 3271 1011 3327 et
1025 3268 1167 3342 reptaret
1181 3259 1293 3344 (Mod.)
1318 3271 1350 3327 et

232 3371 391 3446 refrenato
406 3366 572 3454 (Papiap.)
589 3376 622 3432 et
636 3373 728 3445 atara
743 3365 884 3451 (Sexag.)
902 3361 1037 3451 syllabis
1053 3361 1221 3449 productis
1237 3359 1350 3446 legun-

232 3478 303 3552 tur,
326 3478 358 3535 et
378 3467 516 3533 aliarum
538 3489 807 3556 quarumcunque
828 3467 982 3543 binarum
1004 3463 1253 3532 consonantium
1276 3483 1349 3527 con·

233 3593 346 3637 cursus
362 3567 510 3636 uocalem
530 3570 779 3657 praecedentem
795 3568 974 3657 producere
991 3588 1057 3630 non
1078 3574 1189 3653 potest
1205 3572 1348 3656 tantum,

233 3673 317 3739 sicut
340 3673 427 3758 apud
448 3671 539 3755 illos,
563 3669 621 3736 sed
644 3671 774 3750 omnino
790 3693 862 3736 eam
884 3669 973 3754 cogit
995 3667 1064 3734 fieri
1088 3665 1230 3752 longam.
1265 3666 1350 3731 Nam

233 3797 330 3863 quam
349 3773 517 3861 Roeperus
541 3772 716 3860 praecipue
739 3783 772 3839 et
785 3772 955 3838 Vahlenus
978 3771 1047 3836 eius
1070 3767 1153 3854 legis
1178 3767 1350 3854 neglegen-

233 3878 313 3943 tiatn
327 3875 437 3940 multis
460 3875 540 3942 locis
554 3871 758 3956 statuerunt,
782 3895 821 3938 oa
835 3873 952 3939 nullibi
968 3872 1111 3959 aliquam
1125 3870 1226 3936 habet
1240 3891 1349 3934 neces·
1388 3929 1390 3936 .

233 3979 373 4057 citatem,
392 3977 450 4042 sed
472 3978 599 4064 poetica
621 3976 729 4042 omnia
749 3975 924 4063 positionis
945 3973 1017 4059 lege
1039 3983 1172 4039 seruata
1194 3972 1228 4035 in
1246 3981 1351 4036 metra

233 4101 292 4144 sua
314 4078 436 4165 optime
463 4079 679 4161 conueniunt,
707 4098 807 4164 quare
834 4074 1053 4142 Buechelerus
1081 4076 1103 4140 l.
1128 4096 1156 4139 e.
1178 4096 1211 4160 p.
1234 4080 1295 4143 439
1318 4080 1351 4137 et

233 4181 288 4269 qui
309 4180 398 4245 idem
421 4180 461 4245 de
482 4180 608 4246 Lucilio
631 4200 760 4267 quoque
787 4179 956 4265 praedicat
977 4176 1015 4242 L.
1037 4174 1216 4242 Muellerus
1239 4196 1271 4260 p·
1289 4181 1350 4246 tas

233 4305 305 4349 eam
327 4303 392 4347 non
413 4281 651 4369 neglegendam
678 4303 749 4347 esse
778 4289 867 4345 recte
888 4288 1134 4366 praeceperunt.
1176 4275 1252 4340 Duo
1280 4283 1349 4340 tan·
1439 4365 1442 4372 ι

232 4393 301 4459 tum
323 4386 357 4450 in
380 4384 531 4452 omnibus
561 4382 613 4450 his
635 4381 828 4470 fragmentis
852 4380 1077 4462 inueniuntur,
1101 4399 1184 4466 quae
1206 4375 1350 4464 aliquam
