3252 5294
329 441 371 505 ‘24
805 443 935 500 CAPVT
957 443 967 498 Ι

331 611 418 700 piter
438 608 645 696 Tragoedus,
669 630 764 695 quem
787 607 928 694 priorem
951 608 1068 688 affero,
1096 628 1170 670 cum
1192 615 1331 670 externa
1352 607 1449 692 quasi

330 713 416 778 facie
438 709 568 776 illarum
591 733 627 775 sc
649 707 789 774 similem
809 709 876 773 iam
897 708 1017 795 prodit,
1038 709 1191 773 uersibus
1212 709 1353 774 sermoni
1374 731 1448 796 pro·

331 813 419 880 sario
449 813 597 894 insertis,
626 811 802 899 paroemiis
833 809 969 891 adlatis,
998 809 1137 876 aliorum
1158 811 1354 897 scriptorum
1376 833 1449 875 sen-

331 915 444 982 tentiis
465 913 653 1002 usurpatis,
676 923 744 978 tum
767 911 910 978 indolem
932 935 1009 978 vere
1030 912 1256 1000 Menippeam,
1286 935 1385 1000 quam
1406 935 1451 978 ex

331 1015 396 1083 illis
425 1017 524 1084 rebus
552 1017 618 1082 iam
645 1015 721 1081 licet
749 1014 928 1101 suspicari,
962 1014 1082 1101 optime
1109 1014 1275 1080 inlustrat.
1319 1015 1451 1101 Quippe

330 1117 414 1186 liber
440 1118 483 1184 ad
511 1117 777 1206 superstitionem
809 1115 983 1182 delendam
1005 1117 1209 1204 conscriptus
1231 1140 1338 1204 neque
1359 1127 1452 1182 recta

331 1221 425 1309 quasi
459 1222 516 1286 uia
546 1219 653 1306 ipsine
689 1230 819 1286 tautum
852 1217 901 1284 rei
932 1219 1077 1284 intentus
1115 1219 1320 1306 propositum
1353 1241 1450 1284 suum

332 1333 477 1389 sectatur
498 1344 602 1408 neque
623 1319 686 1388 hcc
707 1321 816 1406 ipsum
838 1321 959 1407 apertis
980 1342 1119 1406 usquam
1134 1321 1245 1387 uerbis
1268 1321 1452 1408 profitetur,

332 1423 391 1490 sed
413 1423 523 1490 multis
546 1423 626 1490 iocis
649 1421 795 1508 legentes
818 1421 968 1487 diuinare
989 1423 1095 1508 magis
1117 1422 1215 1505 facit,
1238 1446 1303 1510 quo
1326 1423 1452 1488 tendat.

329 1527 405 1594 Hoc
427 1548 555 1615 quoque
576 1523 807 1612 grauissimum
828 1525 911 1590 inibi
932 1524 1128 1611 Menippeas
1148 1526 1285 1591 rationis
1307 1525 1452 1591 testimo

333 1628 423 1694 nium
435 1649 589 1712 agnosco,
606 1625 694 1715 quod
710 1627 795 1692 actio
810 1625 972 1714 quaedam
987 1649 1047 1713 per
1061 1636 1167 1694 tetum
1180 1626 1301 1693 librum
1315 1628 1452 1712 geritur,
1522 1637 1527 1646 ”

333 1729 419 1816 quod
436 1751 539 1817 genus
554 1729 589 1793 in
599 1729 737 1795 Lueiani
748 1727 843 1795 libris
859 1728 1041 1815 permultis,
1056 1731 1091 1793 in
1105 1730 1328 1796 Romanorum
1343 1738 1453 1794 autem

334 1831 444 1898 satiris
473 1853 556 1919 quae
584 1840 699 1896 extant
726 1851 791 1895 non
819 1853 919 1919 saepe
954 1832 1136 1916 inuenitur3
1170 1831 1455 1897 Varronianarum

333 1941 442 1999 autem
465 1941 498 1999 et
517 1932 745 2020 inscriptiones
769 1942 801 1997 et
823 1932 1008 2018 fragmenta
1029 1955 1187 2020 persaepe
1215 1956 1253 1999 eo
1281 1933 1452 2014 inducunt,

333 2045 371 2100 ut
393 2034 480 2121 quod
502 2043 683 2102 monstrare
704 2032 847 2102 uoluerit
861 2035 999 2121 scriptor
1013 2036 1201 2100 narratione
1221 2034 1391 2100 cuiusdam
1406 2034 1453 2098 rei

334 2145 446 2222 gestae
462 2159 535 2202 eum
552 2137 646 2224 quasi
660 2135 790 2202 uelasse
805 2135 989 2202 credamus.
1026 2137 1164 2202 Accedit
1185 2138 1325 2203 fortasse
1347 2137 1454 2202 forma

335 2237 436 2304 libelli
459 2239 515 2326 qui
538 2247 667 2304 constat
690 2237 839 2324 dialogo;
863 2260 959 2324 quam
983 2261 1056 2303 cum
1078 2240 1242 2305 Lucienus
1267 2239 1455 2305 adhibuerit

335 2341 544 2429 saepissime,
566 2341 602 2404 in
624 2339 785 2405 Varronis
810 2363 938 2428 quoque
961 2340 1108 2429 reliquiis
1131 2365 1198 2408 non
1220 2341 1359 2408 obscure
1382 2363 1454 2406 eam

335 2441 637 2508 animaduertimus.
682 2442 850 2508 Summum
876 2463 955 2508 uero
983 2452 1049 2526 cst,
1082 2454 1119 2509 ut
1146 2443 1234 2528 dixi,
1265 2443 1352 2530 quod
1382 2464 1453 2530 pro-

335 2545 477 2632 positum
507 2566 617 2628 suum,
651 2543 787 2610 deorum
817 2543 940 2610 cultum
970 2567 1042 2610 esse
1071 2544 1261 2628 ridiculum,
1295 2565 1362 2609 non
1389 2553 1455 2608 tam

336 2645 430 2712 seriis
461 2646 661 2730 argumentis
689 2667 786 2732 quam
820 2644 971 2711 ludibriis
1000 2646 1201 2716 multimodis
1230 2648 1455 2713 demonstrare

336 2747 545 2834 aggreditur3
576 2767 773 2834 quamquam
795 2770 900 2834 neque
929 2746 986 2812 illa
1007 2748 1041 2812 in
1064 2749 1128 2813 fine
1149 2748 1225 2814 libri
1247 2749 1377 2814 omuino
1401 2749 1455 2814 ab

338 2860 429 2931 sunt,
458 2848 506 2914 ita
528 2857 637 2914 tamen
660 2847 739 2913 iocis
768 2848 932 2932 inuoluta,
966 2859 1003 2914 ut
1031 2851 1299 2934 σπουδογελοίου
1326 2851 1455 2936 generis

337 2950 432 3039 quale
448 2951 482 3015 in
497 2949 681 3037 Menippeis
698 2947 910 3016 excolebatur
932 2952 1117 3039 exemplum
1139 2954 1247 3040 aptius
1270 2953 1329 3018 uix
1350 2953 1456 3039 possis

339 3051 519 3138 cogitarc¹)
555 3053 741 3140 optimeque
773 3075 815 3117 ex
844 3052 906 3118 hoc
935 3052 1005 3119 loco
1043 3054 1126 3119 disci
1154 3056 1260 3142 possit
1290 3055 1369 3142 quid
1393 3054 1457 3119 sibi

337 3153 417 3218 uelit
445 3152 501 3218 illa
530 3177 627 3242 quam
655 3154 769 3221 Cicero
798 3153 819 3218 l.
843 3141 875 3219 c.'
900 3155 933 3219 in
956 3155 1173 3220 Varronianis
1202 3157 1327 3221 inuenit
1354 3154 1456 3242 philo·

339 3255 454 3343 sophia
476 3254 585 3320 multis
609 3255 689 3322 locis
712 3255 866 3321 incohata
893 3261 1181 3337 ‘adimpellendum
1204 3265 1293 3340 sutis,
1324 3263 1367 3322 ad
1388 3263 1457 3322 ede

338 3363 465 3424 cendum
476 3363 613 3438 parum'.
647 3357 740 3423 Haec
756 3358 864 3424 omnia
886 3359 920 3421 in
936 3357 1075 3424 alterum
1091 3381 1218 3446 quoque
1241 3381 1337 3445 quem
1359 3359 1457 3444 signi-

338 3459 435 3526 ticaui
457 3459 594 3525 Luciani
619 3457 775 3542 libellum,
798 3459 1096 3548 Icaromenippum,
1119 3461 1259 3544 cadunt,
1283 3462 1348 3526 nisi
1365 3456 1457 3548 'quod

338 3561 385 3628 ibi
409 3561 548 3648 scriptor
570 3563 773 3648 propositum
798 3585 901 3645 suum,
924 3562 1133 3650 philosophos
1157 3585 1229 3628 esse
1251 3572 1457 3629 contemnen-

340 3663 400 3732 dos
424 3661 683 3749 abolendasque,
712 3664 746 3727 in
769 3663 834 3728 fine
863 3675 974 3750 aperte
996 3665 1135 3747 indicat,
1168 3665 1320 3753 quodque
1342 3687 1457 3730 uersus
1564 3738 1567 3742 ¹

339 3763 489 3852 proprios
514 3762 556 3828 ab
579 3765 638 3829 hoc
661 3763 745 3831 libro
775 3765 916 3852 scriptor
944 3766 1092 3851 seclusit3
1121 3789 1158 3832 eo
1187 3777 1297 3832 tamen
1324 3766 1458 3852 propior

339 3863 522 3954 Menippeis
553 3875 618 3949 est,
648 3866 733 3952 qued
763 3876 871 3953 partes
902 3867 936 3931 iu
958 3867 1021 3934 boc
1043 3868 1128 3934 libre
1150 3868 1275 3954 primae
1298 3865 1380 3932 nulli
1403 3865 1457 3931 alii

340 3967 483 4034 tributae
507 3975 584 4032 sunt
606 3989 705 4054 quam
727 3967 881 4055 Menippo
905 3969 979 4055 ipsi.
1024 3969 1130 4051 Quem
1152 3969 1274 4036 librum
1288 3969 1455 4035 Vahlenus

340 4089 544 4100 -ι--ι--αι

410 4139 437 4208 1)
456 4140 488 4192 Id
507 4153 593 4208 genus
613 4153 673 4191 eum
693 4139 816 4191 consulto
835 4142 888 4194 sibi
907 4143 1056 4209 sumpsisse
1070 4143 1250 4204 excolendum
1269 4143 1328 4208 ipse
1348 4142 1417 4192 dicit
1428 4141 1456 4190 in

340 4223 437 4276 libello
458 4225 502 4276 cui
520 4224 663 4293 inscripsit
686 4225 733 4276 ‘ln
752 4226 904 4276 dicentem:
930 4227 1108 4279 Prometheus
1128 4243 1157 4278 cs
1181 4228 1209 4277 in
1228 4227 1352 4289 uerbis',
1382 4226 1457 4276 cuius

342 4309 437 4375 oapi
460 4310 597 4362 neminem
616 4311 643 4360 in
664 4326 695 4361 eo
714 4327 816 4377 genero
835 4311 889 4362 sibi
912 4313 1100 4378 praecessisse
1124 4311 1273 4377 gloriatur,
1298 4311 1456 4376 Menippum

343 4397 391 4444 nut
408 4395 525 4446 nondum
543 4399 600 4446 turn
620 4395 759 4462 cognitum
776 4395 883 4447 habens
901 4399 949 4446 eut
967 4396 1144 4448 fraudulento
1162 4397 1274 4448 silentio
1293 4397 1456 4462 opprimens.
