3326 5304
325 452 368 516 90
396 526 399 532 ¹
796 455 926 514 exevr
947 457 969 512 u

324 621 483 686 Varronis
506 621 569 685 hac
590 621 623 683 in
653 642 688 684 re
715 617 956 704 neglegentiam
986 618 1145 705 produnt:
1185 621 1324 684 ‘Insanit
1345 622 1442 685 strias'

325 723 434 804 (Eum.
457 721 583 809 XLVI)
608 721 642 784 in
664 721 880 807 anapaesticis
905 730 937 785 ct
960 722 1230 801 ‘orttcpsalticum’
1255 713 1342 805 (''Ov.
1365 721 1441 805 λύρ.

324 823 387 908 Vl)
399 871 407 904 ,
431 845 530 909 quam
551 822 716 895 licentiam
744 820 897 887 uocabuli
919 831 1057 886 externa
1085 823 1223 908 origine,
1246 825 1441 908 praesertim

324 948 398 990 cum
414 945 431 988 o
446 925 541 990 breui
557 924 646 1012 apud
662 924 806 990 Graecos
828 924 1002 1007 scribatur,
1020 924 1243 989 excusandam
1258 928 1330 990 esse
1347 934 1441 1010 put03

322 1049 397 1090 nam
419 1026 553 1091 breuem
576 1026 708 1112 quidem
731 1048 802 1091 esse
825 1023 979 1091 hocloco
1003 1025 1166 1112 syllabam
1185 1026 1442 1112 fragmentorum

323 1126 469 1192 1-V111
492 1149 635 1193 conexus
660 1127 787 1193 Graeca
810 1135 881 1191 arte
904 1127 973 1190 sine
995 1125 1063 1192 ulla
1085 1129 1277 1215 exceptione
1301 1129 1442 1194 conscri-

322 1237 453 1315 ptorum
476 1233 521 1309 (u.
546 1252 578 1315 p.
601 1229 656 1314 81)
678 1229 820 1292 maxime
842 1228 913 1292 ueri
935 1228 1041 1293 simile
1062 1228 1154 1294 facit.
1651 1245 1658 1288 ι’

407 1329 527 1394 Hiatus
557 1332 697 1416 denique
726 1328 910 1416 exemplum
945 1329 1070 1394 nullum
1097 1331 1223 1413 inueni,
1258 1331 1323 1396 nisi
1356 1333 1442 1398 forte
1492 1351 1503 1360 ‘

314 1423 386 1497 ”Oa
411 1429 485 1515 λύρ.
501 1433 586 1497 VIII
609 1437 739 1498 ‘sculcta'
760 1471 802 1480 —
824 1443 853 1496 et
874 1453 921 1496 me
936 1437 1082 1512 palmulis
1100 1439 1273 1513 producite'
1296 1442 1386 1497 recte
1409 1433 1443 1496 in
1656 1385 1658 1512 l

322 1533 413 1600 libris
437 1557 471 1598 se
493 1534 609 1616 habet,
633 1535 722 1620 quod
744 1556 837 1598 suam
857 1532 994 1600 haberet
1016 1534 1276 1616 excusationem;
1299 1543 1442 1600 attamen

322 1636 471 1720 equidem
497 1635 664 1722 praefore,
703 1636 791 1722 quod
820 1633 961 1702 coniecit
989 1633 1149 1720 Scaliger:
1188 1638 1305 1700 ‘ualere
1337 1658 1442 1716 meque
1581 1714 1587 1725 Ι
1655 1543 1658 1756 i

314 1743 463 1817 palmulis
478 1742 666 1819 producite?
1163 1746 1167 1756 ²

1651 2379 1658 2420 ⁴
