3274 5296
342 431 385 495 46
822 434 984 491 CAPVTI

344 601 465 684 Georg.
488 599 524 663 ΙΙ
547 607 608 668 336
630 598 813 662 Varronem
834 596 930 660 affert
958 601 1005 660 ‘iu
1026 606 1135 659 sutura
1156 615 1233 673 quoe
1254 598 1399 660 scribitur
1421 601 1460 659 de

342 707 463 778 sulute’,
488 723 586 786 quam
601 698 769 764 Vahlenus
792 721 824 785 p.
843 707 903 768 197
926 696 1064 761 eandem
1085 696 1167 760 dicit
1188 705 1287 782 atque
1309 695 1459 760 Manium

344 810 507 884 saturem,
536 810 710 888 propterea
738 801 826 887 quod
855 810 888 864 et
910 799 1013 862 Manii
1036 806 1127 862 extet
1148 797 1369 882 fragmentum
1391 803 1459 862 ‘nec

344 915 435 968 nutus
455 915 498 967 est
513 925 568 968 uec
582 909 740 967 morietur’
764 911 796 966 et
816 903 852 965 in
873 899 929 964 illa
952 909 1065 964 sature
1087 907 1239 965 ‘muudum
1255 905 1340 964 haud
1353 911 1458 964 uatum

345 1025 407 1068 esse
422 1026 517 1084 neque
528 1011 616 1069 mori'
629 1005 737 1068 Varro
753 1002 953 1085 narrauerit3
969 1023 1069 1088 quare
1081 1004 1293 1088 (quamquam
1308 1001 1459 1066 dubitan-

343 1107 406 1190 ter)
415 1106 524 1170 Manio
538 1105 691 1170 adiunxit
703 1101 779 1185 περὶ
795 1105 969 1187 σωτηρίας,
982 1101 1069 1188 quod
1080 1101 1311 1188 Philargyrum
1321 1101 1458 1168 latinum

342 1217 438 1292 putat
466 1207 594 1272 fecisse.
638 1206 712 1272 Hoc
734 1216 844 1271 autem
872 1207 1020 1291 accipere
1047 1226 1087 1268 ne
1109 1205 1206 1270 nobis
1229 1203 1458 1286 concedamus,

342 1309 414 1394 ipse
436 1309 563 1373 Nonius
587 1308 697 1387 efficit,
722 1309 875 1396 quicum
897 1307 998 1370 uicies
1022 1306 1142 1392 septies
1164 1306 1312 1370 Manium
1333 1306 1458 1386 afferat,

343 1411 404 1475 hoc
426 1433 491 1475 uno
514 1415 702 1476 constanter
722 1411 854 1476 nomine
876 1409 995 1492 utitur3
1018 1431 1077 1474 nos
1093 1417 1203 1472 autem
1215 1407 1278 1472 hoc
1292 1430 1358 1474 non
1371 1407 1458 1494 prin·

344 1511 442 1598 cipali
464 1512 570 1576 solum
591 1511 650 1576 sed
672 1521 803 1598 praeter
824 1534 926 1576 unum
941 1509 1084 1574 Charisii
1105 1508 1214 1576 locum
1234 1511 1332 1574 unico
1347 1530 1459 1574 seeun-

344 1613 462 1678 darum
483 1613 733 1699 inscriptionum
755 1614 848 1678 fonte
871 1612 994 1693 orbati,
1016 1611 1081 1676 nisi
1108 1633 1235 1677 summa
1263 1634 1336 1675 eum
1362 1622 1459 1676 teme„

343 1715 441 1779 ritate
463 1714 529 1780 tale
552 1714 632 1800 quid
660 1724 806 1779 statuere
834 1735 899 1777 non
928 1736 1113 1799 possumus.
1157 1714 1318 1778 Mundum
1340 1713 1459 1778 etenim

343 1816 455 1880 uiuere
476 1816 511 1880 in
534 1827 704 1881 aeternum
725 1815 832 1880 Varro
856 1816 884 1878 si
906 1815 1057 1898 credidit,
1079 1814 1314 1901 proculdubio
1338 1813 1460 1878 nonin

345 1918 473 1983 duabus
509 1928 638 1983 tentum
671 1919 792 1983 saturis
826 1918 953 2000 docuit,
992 1938 1092 2003 quare
1124 1939 1222 2003 quarn
1253 1916 1459 2002 potissimum

344 2017 522 2086 scholiasta
543 2020 726 2106 respexerit
749 2017 839 2104 (nam
861 2026 899 2083 de
919 2027 1017 2084 salute
1038 2042 1059 2082 a
1074 2028 1255 2082 ceterarum
1275 2018 1459 2104 inscriptio-

342 2143 421 2185 num
435 2121 562 2186 ratione
577 2122 674 2186 nimis
688 2132 848 2186 remotum
863 2121 1010 2204 uidetur,
1033 2143 1229 2206 quamquam
1243 2143 1348 2207 neque
1362 2119 1459 2184 talem

343 2245 488 2309 unquam
515 2223 672 2288 adhibere
701 2247 776 2288 eum
809 2224 955 2309 potuisse
987 2223 1058 2308 quis
1091 2221 1224 2286 tandem
1257 2231 1459 2309 compertum

343 2325 497 2410 habeti),
530 2323 567 2388 id
593 2349 660 2391 non
688 2334 796 2412 potest
824 2325 976 2408 decerni-3
1004 2323 1142 2388 eandem
1169 2333 1278 2388 autem
1300 2325 1459 2389 rationem

344 2448 442 2512 quam
475 2427 510 2489 in
542 2427 756 2513 inscriptione
789 2436 825 2490 de
852 2431 956 2505 officio
982 2433 1089 2490 mariti
1118 2425 1318 2512 explicanda
1349 2425 1459 2490 ualere

344 2550 444 2612 supra
466 2527 553 2609 dixi,
575 2526 630 2591 hie
652 2550 780 2614 quoque
803 2528 923 2615 optime
945 2527 980 2590 ni
1000 2526 1100 2592 fallor
1121 2515 1361 2594 adhibebimus.
1395 2529 1459 2592 De

343 2629 442 2713 nique
459 2627 636 2693 dicendum
650 2628 782 2694 uidetur
805 2629 846 2692 de
860 2629 945 2694 libro
968 2635 1019 2693 ‘de
1033 2637 1247 2709 compositione
1259 2637 1457 2709 suturarum',

345 2752 441 2816 quem
464 2731 583 2794 saturis
606 2729 864 2816 haudquaquam
884 2730 1018 2812 titulus,
1049 2732 1108 2795 sed
1134 2731 1277 2797 fortasse
1297 2733 1460 2817 fragmen·

345 2840 413 2895 tum
441 2828 589 2896 uindicat
616 2853 636 2894 a
663 2832 770 2896 Nonio
798 2855 830 2919 p.
861 2840 902 2902 67
930 2841 1096 2896 seruatum
1130 2843 1324 2914 ‘parcetutoe
1351 2841 1462 2900 adsunt

344 2939 510 3012 mulierque
531 2939 638 2997 mittier
666 2940 765 2998 Venus
786 2934 927 3019 cuput’¹)
950 2935 985 2998 in
1007 2957 1070 3020 quo
1092 2957 1152 3022 per
1174 2937 1392 3022 corruptionis
1415 2946 1460 3002 te

344 3035 463 3100 nebras
486 3056 669 3100 sermonem
692 3045 801 3101 tamen
824 3036 944 3102 saturis
967 3037 1137 3122 proprium
1159 3047 1192 3102 et
1205 3037 1348 3104 fortasse
1363 3039 1460 3102 etiam

344 3137 484 3201 formam
504 3137 673 3201 metricam
695 3137 858 3224 dispicere
880 3137 967 3202 licet.
1002 3140 1126 3204 Verum
1140 3140 1276 3214 nimium
1289 3136 1459 3226 inscriptio

345 3235 473 3319 obstat,
503 3249 635 3304 seruata
657 3239 756 3303 illae
778 3240 901 3322 Nonio,
930 3239 985 3326 qui
1007 3239 1217 3306 Varroniana
1240 3241 1356 3307 saltem
1379 3242 1459 3306 satis

345 3349 497 3405 accurate
518 3338 695 3428 indueit,²)
729 3364 877 3428 quaeque
905 3351 1050 3406 satiram
1078 3341 1166 3408 nullo
1195 3344 1292 3410 modo
1314 3343 1460 3408 indicare

345 3451 465 3529 potest.
508 3442 664 3507 Fortasse
686 3443 720 3508 in
742 3443 804 3508 hoc
827 3465 955 3530 quoque
977 3443 1080 3526 libro,
1109 3456 1146 3510 ut
1169 3455 1354 3510 saturarum
1376 3468 1460 3511 com-

343 3540 540 3628 positionem
562 3543 811 3628 demonstraret,
834 3567 950 3610 uersus
973 3566 1169 3632 prosamque
1192 3547 1324 3613 miscuit
1346 3570 1460 3612 unum-

432 3782 457 3848 1)
477 3785 625 3848 ‘mulierque
643 3792 668 3834 et
690 3787 785 3834 Venus’
804 3785 932 3838 Perottus
946 3787 1099 3854 Oornueop.
1117 3805 1142 3853 p.
1157 3789 1220 3850 7263
1240 3785 1404 3853 ‘pare'ctatoe
1416 3791 1461 3839 ud-

346 3876 419 3924 suut,·
445 3869 571 3917 mutierem
597 3869 683 3918 Venus
706 3872 790 3934 cupit’
818 3870 965 3938 legendum
991 3878 1065 3939 puto.
1114 3871 1242 3923 Ceterum
1265 3873 1301 3926 cf.
1325 3874 1461 3940 appendix

346 3953 427 4003 huius
447 3952 582 4004 editionis.

430 4037 457 4100 2)
474 4038 535 4088 Non
553 4037 650 4088 debuit
667 4039 837 4091 Ritschelius
860 4041 894 4091 de
913 4041 1082 4107 logistoricis
1100 4059 1125 4108 p.
1145 4043 1209 4092 XIV
1232 4043 1287 4092 hac
1306 4055 1413 4107 quoque
1430 4042 1460 4092 in

346 4125 425 4186 parts
443 4123 531 4173 Nonio
555 4110 728 4188 diligentiam
752 4125 928 4190 abiudicare,
956 4127 1002 4190 qui
1025 4143 1048 4176 e.
1069 4141 1091 4176 c.
1116 4127 1247 4178 librorum
1270 4143 1337 4192 quos
1356 4127 1461 4178 duobus

347 4205 437 4255 titulis
461 4207 584 4273 insignes
607 4210 731 4275 putauit,
756 4211 853 4260 nonies
871 4215 979 4260 tantum
998 4210 1115 4260 alteram
1135 4212 1226 4262 omisit
1243 4211 1460 4276 inscriptionem,

349 4303 410 4338 cum
429 4292 477 4341 149
495 4290 565 4342 locis
584 4308 631 4344 eos
645 4299 879 4358 commemoraret,
899 4296 998 4360 quique
1011 4293 1174 4347 Andabatus
1187 4297 1367 4347 uerisimilius
1380 4309 1461 4362 qnam

349 4373 507 4425 Priscianus
524 4377 700 4429 Andabatam
719 4379 808 4431 affert.
1374 4367 1377 4376 ¹

1297 4573 1324 4626 Ι
