<?xml version="1.0" encoding="UTF-8"?>
<!DOCTYPE html PUBLIC "-//W3C//DTD XHTML 1.0 Transitional//EN"
    "http://www.w3.org/TR/xhtml1/DTD/xhtml1-transitional.dtd">
<html xmlns="http://www.w3.org/1999/xhtml" xml:lang="en" lang="en">
 <head>
  <title>
</title>
<meta http-equiv="Content-Type" content="text/html;charset=utf-8" />
  <meta name='ocr-system' content='tesseract 3.04.00' />
  <meta name='ocr-capabilities' content='ocr_page ocr_carea ocr_par ocr_line ocrx_word'/>
</head>
<body>
  <div class='ocr_page' id='page_1' title='image "./mterentivarroni00riesgoog_0089.png"; bbox 0 0 3274 5296; ppageno 0'>
   <div class='ocr_carea' id='block_1_1' title="bbox 352 438 1001 503">
    <p class='ocr_par' dir='ltr' id='par_1_1' title="bbox 352 438 1001 503">
     <span class='ocr_line' id='line_1_1' title="bbox 352 438 1001 503; baseline -0.002 0"><span class='ocrx_word' id='word_1_1' title='bbox 352 438 393 503; x_wconf 84' lang='grc'>68</span> <span class='ocrx_word' id='word_1_2' title='bbox 822 441 949 501; x_wconf 79' lang='lat' dir='ltr'>GAPV&#39;l</span> <span class='ocrx_word' id='word_1_3' title='bbox 979 446 1001 502; x_wconf 95' lang='lat' dir='ltr'>ll</span> 
     </span>
    </p>
   </div>
   <div class='ocr_carea' id='block_1_2' title="bbox 311 605 1470 4451">
    <p class='ocr_par' dir='ltr' id='par_1_2' title="bbox 311 605 1470 2319">
     <span class='ocr_line' id='line_1_2' title="bbox 350 605 1470 694; baseline -0.003 -20"><span class='ocrx_word' id='word_1_4' title='bbox 350 619 374 674; x_wconf 90' lang='grc' dir='ltr'>ῖ.</span> <span class='ocrx_word' id='word_1_5' title='bbox 390 611 415 673; x_wconf 86' lang='lat' dir='ltr'>f.</span> <span class='ocrx_word' id='word_1_6' title='bbox 430 609 496 690; x_wconf 82' lang='grc' dir='ltr'>ΙΙΙ,</span> <span class='ocrx_word' id='word_1_7' title='bbox 519 607 607 693; x_wconf 92' lang='lat' dir='ltr'>quod</span> <span class='ocrx_word' id='word_1_8' title='bbox 628 607 792 694; x_wconf 89' lang='lat' dir='ltr'>poeticum</span> <span class='ocrx_word' id='word_1_9' title='bbox 814 630 886 672; x_wconf 90' lang='lat' dir='ltr'>esse</span> <span class='ocrx_word' id='word_1_10' title='bbox 913 606 1133 672; x_wconf 90' lang='lat' dir='ltr'>Buechelerus</span> <span class='ocrx_word' id='word_1_11' title='bbox 1160 605 1182 672; x_wconf 88' lang='lat' dir='ltr'>l.</span> <span class='ocrx_word' id='word_1_12' title='bbox 1203 607 1252 672; x_wconf 91' lang='lat' dir='ltr'>ibi</span> <span class='ocrx_word' id='word_1_13' title='bbox 1273 629 1301 672; x_wconf 94' lang='lat' dir='ltr'>c.</span> <span class='ocrx_word' id='word_1_14' title='bbox 1324 605 1470 672; x_wconf 90' lang='lat' dir='ltr'>animad-</span> 
     </span>
     <span class='ocr_line' id='line_1_3' title="bbox 351 707 1470 797; baseline -0.003 -22"><span class='ocrx_word' id='word_1_15' title='bbox 351 710 461 775; x_wconf 86' lang='lat' dir='ltr'>uertit.</span> <span class='ocrx_word' id='word_1_16' title='bbox 482 746 516 756; x_wconf 84' lang='lat'><em>-</em></span> <span class='ocrx_word' id='word_1_17' title='bbox 536 709 656 795; x_wconf 79' lang='lat' dir='ltr'>Quinq.</span> <span class='ocrx_word' id='word_1_18' title='bbox 674 707 772 774; x_wconf 89' lang='lat' dir='ltr'>VIII:</span> <span class='ocrx_word' id='word_1_19' title='bbox 798 715 975 791; x_wconf 69' lang='lat' dir='ltr'>‘lympham’</span> <span class='ocrx_word' id='word_1_20' title='bbox 999 719 1170 797; x_wconf 87' lang='lat' dir='ltr'>poetarum</span> <span class='ocrx_word' id='word_1_21' title='bbox 1192 719 1253 790; x_wconf 89' lang='lat' dir='ltr'>est,</span> <span class='ocrx_word' id='word_1_22' title='bbox 1276 713 1386 790; x_wconf 69' lang='lat' dir='ltr'>‘potita&#39;</span> <span class='ocrx_word' id='word_1_23' title='bbox 1409 707 1470 772; x_wconf 91' lang='lat' dir='ltr'>hoc</span> 
     </span>
     <span class='ocr_line' id='line_1_4' title="bbox 351 808 1470 897; baseline -0.004 -21"><span class='ocrx_word' id='word_1_24' title='bbox 351 835 416 878; x_wconf 91' lang='lat' dir='ltr'>uno</span> <span class='ocrx_word' id='word_1_25' title='bbox 444 811 516 876; x_wconf 93' lang='lat' dir='ltr'>loco</span> <span class='ocrx_word' id='word_1_26' title='bbox 544 808 674 894; x_wconf 86' lang='lat' dir='ltr'>legitur.</span> <span class='ocrx_word' id='word_1_27' title='bbox 702 848 746 859; x_wconf 93' lang='lat'>—</span> <span class='ocrx_word' id='word_1_28' title='bbox 776 811 978 877; x_wconf 83' lang='lat' dir='ltr'>Dubitanter</span> <span class='ocrx_word' id='word_1_29' title='bbox 1005 812 1103 877; x_wconf 89' lang='lat' dir='ltr'>etiam</span> <span class='ocrx_word' id='word_1_30' title='bbox 1130 811 1218 876; x_wconf 85' lang='lat' dir='ltr'>Serr.</span> <span class='ocrx_word' id='word_1_31' title='bbox 1240 811 1308 876; x_wconf 90' lang='lat' dir='ltr'>VII</span> <span class='ocrx_word' id='word_1_32' title='bbox 1335 818 1470 897; x_wconf 90' lang='lat' dir='ltr'>propter</span> 
     </span>
     <span class='ocr_line' id='line_1_5' title="bbox 351 911 1470 999; baseline -0.003 -20"><span class='ocrx_word' id='word_1_33' title='bbox 351 920 483 993; x_wconf 74' lang='lat' dir='ltr'>‘liquida</span> <span class='ocrx_word' id='word_1_34' title='bbox 505 919 582 978; x_wconf 79' lang='lat' dir='ltr'>uita&#39;</span> <span class='ocrx_word' id='word_1_35' title='bbox 606 913 742 998; x_wconf 90' lang='lat' dir='ltr'>poeticis</span> <span class='ocrx_word' id='word_1_36' title='bbox 765 911 907 998; x_wconf 87' lang='lat' dir='ltr'>adiungo</span> <span class='ocrx_word' id='word_1_37' title='bbox 914 962 924 996; x_wconf 86' lang='lat'><em>,</em></span> <span class='ocrx_word' id='word_1_38' title='bbox 955 912 1033 998; x_wconf 88' lang='lat' dir='ltr'>quia</span> <span class='ocrx_word' id='word_1_39' title='bbox 1055 911 1222 998; x_wconf 70' lang='lat' dir='ltr'>‘liquidus’</span> <span class='ocrx_word' id='word_1_40' title='bbox 1244 935 1310 978; x_wconf 92' lang='lat' dir='ltr'>non</span> <span class='ocrx_word' id='word_1_41' title='bbox 1337 911 1470 999; x_wconf 91' lang='lat' dir='ltr'>quidem</span> 
     </span>
     <span class='ocr_line' id='line_1_6' title="bbox 351 1011 1469 1101; baseline -0.003 -21"><span class='ocrx_word' id='word_1_42' title='bbox 351 1015 504 1095; x_wconf 89' lang='lat' dir='ltr'>solorum,</span> <span class='ocrx_word' id='word_1_43' title='bbox 528 1014 586 1079; x_wconf 91' lang='lat' dir='ltr'>sed</span> <span class='ocrx_word' id='word_1_44' title='bbox 608 1011 705 1098; x_wconf 88' lang='lat' dir='ltr'>longe</span> <span class='ocrx_word' id='word_1_45' title='bbox 725 1013 869 1100; x_wconf 86' lang='lat' dir='ltr'>plurima</span> <span class='ocrx_word' id='word_1_46' title='bbox 891 1037 932 1079; x_wconf 87' lang='lat' dir='ltr'>ex</span> <span class='ocrx_word' id='word_1_47' title='bbox 954 1025 1049 1101; x_wconf 87' lang='lat' dir='ltr'>parte</span> <span class='ocrx_word' id='word_1_48' title='bbox 1070 1025 1243 1100; x_wconf 88' lang='lat' dir='ltr'>poetarum</span> <span class='ocrx_word' id='word_1_49' title='bbox 1264 1037 1332 1080; x_wconf 85' lang='lat' dir='ltr'>uox</span> <span class='ocrx_word' id='word_1_50' title='bbox 1355 1023 1414 1078; x_wconf 90' lang='lat' dir='ltr'>est.</span> <span class='ocrx_word' id='word_1_51' title='bbox 1427 1051 1469 1060; x_wconf 85' lang='lat'>-—</span> 
     </span>
     <span class='ocr_line' id='line_1_7' title="bbox 351 1114 1469 1203; baseline -0.005 -21"><span class='ocrx_word' id='word_1_52' title='bbox 351 1117 442 1203; x_wconf 86' lang='lat' dir='ltr'>Sesq.</span> <span class='ocrx_word' id='word_1_53' title='bbox 459 1118 504 1183; x_wconf 93' lang='lat' dir='ltr'>V:</span> <span class='ocrx_word' id='word_1_54' title='bbox 530 1123 676 1180; x_wconf 74' lang='lat' dir='ltr'>‘inuitare</span> <span class='ocrx_word' id='word_1_55' title='bbox 691 1122 803 1196; x_wconf 76' lang='lat' dir='ltr'>poclis’</span> <span class='ocrx_word' id='word_1_56' title='bbox 820 1114 973 1180; x_wconf 88' lang='lat' dir='ltr'>Plautina</span> <span class='ocrx_word' id='word_1_57' title='bbox 996 1115 1095 1180; x_wconf 89' lang='lat' dir='ltr'>dictio</span> <span class='ocrx_word' id='word_1_58' title='bbox 1110 1127 1176 1199; x_wconf 86' lang='lat' dir='ltr'>est;</span> <span class='ocrx_word' id='word_1_59' title='bbox 1200 1115 1355 1182; x_wconf 89' lang='lat' dir='ltr'>Plautina</span> <span class='ocrx_word' id='word_1_60' title='bbox 1369 1117 1469 1180; x_wconf 88' lang='lat' dir='ltr'>etiam</span> 
     </span>
     <span class='ocr_line' id='line_1_8' title="bbox 350 1216 1467 1302; baseline -0.005 -18"><span class='ocrx_word' id='word_1_61' title='bbox 350 1229 383 1283; x_wconf 90' lang='lat' dir='ltr'>et</span> <span class='ocrx_word' id='word_1_62' title='bbox 411 1218 541 1284; x_wconf 91' lang='lat' dir='ltr'>omnino</span> <span class='ocrx_word' id='word_1_63' title='bbox 569 1216 752 1282; x_wconf 89' lang='lat' dir='ltr'>humilioris</span> <span class='ocrx_word' id='word_1_64' title='bbox 787 1239 924 1302; x_wconf 84' lang='lat' dir='ltr'>poeseos</span> <span class='ocrx_word' id='word_1_65' title='bbox 952 1217 1034 1283; x_wconf 84' lang='lat' dir='ltr'>ibid.</span> <span class='ocrx_word' id='word_1_66' title='bbox 1057 1218 1139 1284; x_wconf 91' lang='lat' dir='ltr'>Vll:</span> <span class='ocrx_word' id='word_1_67' title='bbox 1174 1223 1297 1283; x_wconf 81' lang='lat' dir='ltr'>‘baccas</span> <span class='ocrx_word' id='word_1_68' title='bbox 1323 1220 1467 1296; x_wconf 78' lang='lat' dir='ltr'>sufflare&#39;</span> 
     </span>
     <span class='ocr_line' id='line_1_9' title="bbox 351 1318 1467 1404; baseline -0.002 -19"><span class='ocrx_word' id='word_1_69' title='bbox 351 1329 410 1386; x_wconf 92' lang='lat' dir='ltr'>est.</span> <span class='ocrx_word' id='word_1_70' title='bbox 431 1357 464 1367; x_wconf 83' lang='lat'>—</span> <span class='ocrx_word' id='word_1_71' title='bbox 491 1319 569 1383; x_wconf 86' lang='lat' dir='ltr'><strong>ibid.</strong></span> <span class='ocrx_word' id='word_1_72' title='bbox 592 1319 659 1383; x_wconf 92' lang='lat' dir='ltr'>VI:</span> <span class='ocrx_word' id='word_1_73' title='bbox 690 1323 770 1383; x_wconf 71' lang='lat' dir='ltr'>‘utus</span> <span class='ocrx_word' id='word_1_74' title='bbox 791 1325 973 1398; x_wconf 65' lang='lat' dir='ltr'>stelliperas’</span> <span class='ocrx_word' id='word_1_75' title='bbox 997 1331 1030 1384; x_wconf 88' lang='lat' dir='ltr'>et</span> <span class='ocrx_word' id='word_1_76' title='bbox 1051 1318 1172 1384; x_wconf 88' lang='lat' dir='ltr'>XXII:</span> <span class='ocrx_word' id='word_1_77' title='bbox 1203 1323 1384 1383; x_wconf 76' lang='lat' dir='ltr'>‘Pieridum’</span> <span class='ocrx_word' id='word_1_78' title='bbox 1405 1339 1467 1404; x_wconf 90' lang='lat' dir='ltr'>pro</span> 
     </span>
     <span class='ocr_line' id='line_1_10' title="bbox 350 1418 1467 1508; baseline -0.004 -20"><span class='ocrx_word' id='word_1_79' title='bbox 350 1423 545 1488; x_wconf 72' lang='lat' dir='ltr'>‘Musarum&#39;</span> <span class='ocrx_word' id='word_1_80' title='bbox 570 1418 963 1506; x_wconf 69' lang='lat' dir='ltr'>(cf.1(vvocrcacx.fg.)·‚</span> <span class='ocrx_word' id='word_1_81' title='bbox 986 1443 1070 1507; x_wconf 89' lang='lat' dir='ltr'>quae</span> <span class='ocrx_word' id='word_1_82' title='bbox 1091 1442 1189 1508; x_wconf 91' lang='lat' dir='ltr'>porro</span> <span class='ocrx_word' id='word_1_83' title='bbox 1212 1420 1350 1485; x_wconf 87' lang='lat' dir='ltr'>XXIII:</span> <span class='ocrx_word' id='word_1_84' title='bbox 1377 1423 1467 1484; x_wconf 75' lang='lat' dir='ltr'>‘Tbe-</span> 
     </span>
     <span class='ocr_line' id='line_1_11' title="bbox 348 1521 1467 1609; baseline -0.004 -20"><span class='ocrx_word' id='word_1_85' title='bbox 348 1530 500 1605; x_wconf 80' lang='lat' dir='ltr'>spr&#39;adum’</span> <span class='ocrx_word' id='word_1_86' title='bbox 523 1523 653 1586; x_wconf 91' lang='lat' dir='ltr'>nomine</span> <span class='ocrx_word' id='word_1_87' title='bbox 681 1521 851 1603; x_wconf 85' lang='lat' dir='ltr'>dicuntur,</span> <span class='ocrx_word' id='word_1_88' title='bbox 879 1523 1105 1609; x_wconf 79' lang='lat' dir='ltr'>unusquisque</span> <span class='ocrx_word' id='word_1_89' title='bbox 1126 1522 1217 1588; x_wconf 92' lang='lat' dir='ltr'>uidet</span> <span class='ocrx_word' id='word_1_90' title='bbox 1238 1545 1310 1588; x_wconf 91' lang='lat' dir='ltr'>esse</span> <span class='ocrx_word' id='word_1_91' title='bbox 1333 1545 1375 1586; x_wconf 86' lang='lat' dir='ltr'>ex</span> <span class='ocrx_word' id='word_1_92' title='bbox 1395 1543 1467 1586; x_wconf 91' lang='lat' dir='ltr'>uer-</span> 
     </span>
     <span class='ocr_line' id='line_1_12' title="bbox 350 1618 1467 1710; baseline -0.002 -20"><span class='ocrx_word' id='word_1_93' title='bbox 350 1626 440 1691; x_wconf 86' lang='lat' dir='ltr'>sibus</span> <span class='ocrx_word' id='word_1_94' title='bbox 469 1624 581 1710; x_wconf 89' lang='lat' dir='ltr'>petita.</span> <span class='ocrx_word' id='word_1_95' title='bbox 614 1661 648 1670; x_wconf 88' lang='lat'>-</span> <span class='ocrx_word' id='word_1_96' title='bbox 683 1622 803 1708; x_wconf 85' lang='lat' dir='ltr'>Sexag.</span> <span class='ocrx_word' id='word_1_97' title='bbox 832 1618 900 1687; x_wconf 88' lang='lat' dir='ltr'>IX:</span> <span class='ocrx_word' id='word_1_98' title='bbox 932 1627 1052 1701; x_wconf 73' lang='lat' dir='ltr'>‘seruit&#39;</span> <span class='ocrx_word' id='word_1_99' title='bbox 1081 1624 1247 1710; x_wconf 87' lang='lat' dir='ltr'>poeticum</span> <span class='ocrx_word' id='word_1_100' title='bbox 1274 1633 1342 1706; x_wconf 87' lang='lat' dir='ltr'>est,</span> <span class='ocrx_word' id='word_1_101' title='bbox 1368 1647 1401 1688; x_wconf 91' lang='lat' dir='ltr'>u.</span> <span class='ocrx_word' id='word_1_102' title='bbox 1424 1623 1467 1688; x_wconf 92' lang='lat' dir='ltr'>ad</span> 
     </span>
     <span class='ocr_line' id='line_1_13' title="bbox 349 1723 1467 1810; baseline -0.004 -18"><span class='ocrx_word' id='word_1_103' title='bbox 349 1725 479 1792; x_wconf 89' lang='lat' dir='ltr'>Desult.</span> <span class='ocrx_word' id='word_1_104' title='bbox 503 1725 532 1789; x_wconf 91' lang='grc' dir='ltr'>Ι.</span> <span class='ocrx_word' id='word_1_105' title='bbox 556 1763 594 1771; x_wconf 96' lang='grc'>-</span> <span class='ocrx_word' id='word_1_106' title='bbox 618 1723 707 1790; x_wconf 87' lang='lat' dir='ltr'>Tith.</span> <span class='ocrx_word' id='word_1_107' title='bbox 725 1726 756 1790; x_wconf 93' lang='lat' dir='ltr'>I:</span> <span class='ocrx_word' id='word_1_108' title='bbox 781 1729 947 1790; x_wconf 66' lang='lat' dir='ltr'>‘actitata’</span> <span class='ocrx_word' id='word_1_109' title='bbox 969 1725 1130 1810; x_wconf 91' lang='lat' dir='ltr'>poeticum</span> <span class='ocrx_word' id='word_1_110' title='bbox 1153 1735 1219 1808; x_wconf 81' lang='lat' dir='ltr'>est,</span> <span class='ocrx_word' id='word_1_111' title='bbox 1247 1751 1280 1791; x_wconf 93' lang='lat' dir='ltr'>u.</span> <span class='ocrx_word' id='word_1_112' title='bbox 1304 1725 1347 1790; x_wconf 93' lang='lat' dir='ltr'>ad</span> <span class='ocrx_word' id='word_1_113' title='bbox 1367 1726 1467 1789; x_wconf 89' lang='lat' dir='ltr'>Pseu·</span> 
     </span>
     <span class='ocr_line' id='line_1_14' title="bbox 349 1825 1467 1913; baseline -0.003 -20"><span class='ocrx_word' id='word_1_114' title='bbox 349 1829 445 1893; x_wconf 88' lang='lat' dir='ltr'>daen.</span> <span class='ocrx_word' id='word_1_115' title='bbox 473 1863 517 1874; x_wconf 92' lang='lat'><em>-</em></span> <span class='ocrx_word' id='word_1_116' title='bbox 543 1825 625 1892; x_wconf 92' lang='lat' dir='ltr'><strong>ibid.</strong></span> <span class='ocrx_word' id='word_1_117' title='bbox 648 1826 694 1890; x_wconf 89' lang='lat' dir='ltr'>V:</span> <span class='ocrx_word' id='word_1_118' title='bbox 724 1832 805 1891; x_wconf 72' lang='lat' dir='ltr'>‘lusi&#39;</span> <span class='ocrx_word' id='word_1_119' title='bbox 833 1846 894 1913; x_wconf 88' lang='lat' dir='ltr'>pro</span> <span class='ocrx_word' id='word_1_120' title='bbox 924 1829 1081 1892; x_wconf 75' lang='lat' dir='ltr'>‘carmina</span> <span class='ocrx_word' id='word_1_121' title='bbox 1107 1826 1183 1892; x_wconf 85' lang='lat' dir='ltr'>feci’</span> <span class='ocrx_word' id='word_1_122' title='bbox 1211 1849 1231 1891; x_wconf 87' lang='lat' dir='ltr'>a</span> <span class='ocrx_word' id='word_1_123' title='bbox 1262 1848 1362 1913; x_wconf 87' lang='lat' dir='ltr'>prosa</span> <span class='ocrx_word' id='word_1_124' title='bbox 1391 1835 1467 1890; x_wconf 85' lang='lat' dir='ltr'>ante</span> 
     </span>
     <span class='ocr_line' id='line_1_15' title="bbox 311 1925 1467 2010; baseline -0.004 -14"><span class='ocrx_word' id='word_1_125' title='bbox 311 2004 315 2009; x_wconf 49' lang='grc'><em>,</em></span> <span class='ocrx_word' id='word_1_126' title='bbox 350 1929 542 1996; x_wconf 83' lang='lat' dir='ltr'>Suetonium</span> <span class='ocrx_word' id='word_1_127' title='bbox 564 1927 707 1991; x_wconf 89' lang='lat' dir='ltr'>alienum</span> <span class='ocrx_word' id='word_1_128' title='bbox 722 1937 782 1992; x_wconf 88' lang='lat' dir='ltr'>est.</span> <span class='ocrx_word' id='word_1_129' title='bbox 799 1964 840 1975; x_wconf 91' lang='lat'>—</span> <span class='ocrx_word' id='word_1_130' title='bbox 859 1925 929 1991; x_wconf 74' lang='grc' dir='ltr'>Τοῦ</span> <span class='ocrx_word' id='word_1_131' title='bbox 950 1949 1046 2010; x_wconf 74' lang='lat' dir='ltr'>aurp.</span> <span class='ocrx_word' id='word_1_132' title='bbox 1065 1951 1093 1991; x_wconf 84' lang='grc' dir='ltr'>τ.</span> <span class='ocrx_word' id='word_1_133' title='bbox 1109 1949 1143 1991; x_wconf 81' lang='grc' dir='ltr'>π.</span> <span class='ocrx_word' id='word_1_134' title='bbox 1160 1929 1191 1994; x_wconf 92' lang='lat' dir='ltr'>I:</span> <span class='ocrx_word' id='word_1_135' title='bbox 1217 1934 1347 2009; x_wconf 79' lang='lat' dir='ltr'>‘edepol’</span> <span class='ocrx_word' id='word_1_136' title='bbox 1370 1928 1467 1994; x_wconf 90' lang='lat' dir='ltr'>comi-</span> 
     </span>
     <span class='ocr_line' id='line_1_16' title="bbox 349 2029 1467 2115; baseline -0.001 -21"><span class='ocrx_word' id='word_1_137' title='bbox 349 2029 654 2097; x_wconf 79' lang='lat' dir='ltr'>caetantummodo</span> <span class='ocrx_word' id='word_1_138' title='bbox 677 2050 813 2115; x_wconf 88' lang='lat' dir='ltr'>poeseos</span> <span class='ocrx_word' id='word_1_139' title='bbox 843 2038 909 2111; x_wconf 87' lang='lat' dir='ltr'>est,</span> <span class='ocrx_word' id='word_1_140' title='bbox 938 2030 980 2096; x_wconf 90' lang='lat' dir='ltr'>cf.</span> <span class='ocrx_word' id='word_1_141' title='bbox 1003 2029 1114 2095; x_wconf 91' lang='lat' dir='ltr'>adnot.</span> <span class='ocrx_word' id='word_1_142' title='bbox 1137 2032 1180 2095; x_wconf 88' lang='lat' dir='ltr'>ad</span> <span class='ocrx_word' id='word_1_143' title='bbox 1202 2030 1334 2095; x_wconf 92' lang='lat' dir='ltr'>Andab.</span> <span class='ocrx_word' id='word_1_144' title='bbox 1357 2029 1403 2094; x_wconf 93' lang='lat' dir='ltr'>II.</span> <span class='ocrx_word' id='word_1_145' title='bbox 1424 2067 1467 2075; x_wconf 98' lang='lat'>—</span> 
     </span>
     <span class='ocr_line' id='line_1_17' title="bbox 348 2125 1467 2218; baseline -0.004 -20"><span class='ocrx_word' id='word_1_146' title='bbox 348 2125 443 2218; x_wconf 87' lang='lat' dir='ltr'>Virg.</span> <span class='ocrx_word' id='word_1_147' title='bbox 467 2131 533 2194; x_wconf 83' lang='lat' dir='ltr'>diu.</span> <span class='ocrx_word' id='word_1_148' title='bbox 561 2132 606 2197; x_wconf 93' lang='lat' dir='ltr'>V:</span> <span class='ocrx_word' id='word_1_149' title='bbox 642 2137 771 2196; x_wconf 75' lang='lat' dir='ltr'>‘limina&#39;</span> <span class='ocrx_word' id='word_1_150' title='bbox 805 2131 902 2195; x_wconf 90' lang='lat' dir='ltr'>unius</span> <span class='ocrx_word' id='word_1_151' title='bbox 936 2131 1078 2196; x_wconf 90' lang='lat' dir='ltr'>aedificii</span> <span class='ocrx_word' id='word_1_152' title='bbox 1110 2131 1236 2196; x_wconf 89' lang='lat' dir='ltr'>aliusue</span> <span class='ocrx_word' id='word_1_153' title='bbox 1267 2132 1316 2195; x_wconf 89' lang='lat' dir='ltr'>rei</span> <span class='ocrx_word' id='word_1_154' title='bbox 1348 2129 1467 2216; x_wconf 82' lang='lat' dir='ltr'>plurali</span> 
     </span>
     <span class='ocr_line' id='line_1_18' title="bbox 349 2232 1203 2319; baseline -0.001 -21"><span class='ocrx_word' id='word_1_155' title='bbox 349 2255 484 2299; x_wconf 89' lang='lat' dir='ltr'>numero</span> <span class='ocrx_word' id='word_1_156' title='bbox 508 2232 574 2296; x_wconf 93' lang='lat' dir='ltr'>dici</span> <span class='ocrx_word' id='word_1_157' title='bbox 596 2255 616 2296; x_wconf 91' lang='lat' dir='ltr'>a</span> <span class='ocrx_word' id='word_1_158' title='bbox 637 2232 783 2319; x_wconf 79' lang='lat' dir='ltr'>pedestri</span> <span class='ocrx_word' id='word_1_159' title='bbox 806 2254 954 2298; x_wconf 89' lang='lat' dir='ltr'>sermone</span> <span class='ocrx_word' id='word_1_160' title='bbox 977 2233 1120 2298; x_wconf 91' lang='lat' dir='ltr'>alienum</span> <span class='ocrx_word' id='word_1_161' title='bbox 1142 2243 1203 2298; x_wconf 89' lang='lat' dir='ltr'>est.</span> 
     </span>
    </p>

    <p class='ocr_par' dir='ltr' id='par_1_3' title="bbox 345 2333 1467 3743">
     <span class='ocr_line' id='line_1_19' title="bbox 432 2333 1467 2422; baseline -0.002 -22"><span class='ocrx_word' id='word_1_162' title='bbox 432 2336 504 2400; x_wconf 88' lang='lat' dir='ltr'>Iam</span> <span class='ocrx_word' id='word_1_163' title='bbox 527 2335 556 2398; x_wconf 89' lang='lat' dir='ltr'>si</span> <span class='ocrx_word' id='word_1_164' title='bbox 575 2334 667 2416; x_wconf 86' lang='lat' dir='ltr'>haec,</span> <span class='ocrx_word' id='word_1_165' title='bbox 690 2356 773 2421; x_wconf 86' lang='lat' dir='ltr'>quae</span> <span class='ocrx_word' id='word_1_166' title='bbox 797 2333 905 2399; x_wconf 92' lang='lat' dir='ltr'>adhuc</span> <span class='ocrx_word' id='word_1_167' title='bbox 919 2333 974 2399; x_wconf 91' lang='lat' dir='ltr'>uel</span> <span class='ocrx_word' id='word_1_168' title='bbox 988 2346 1123 2422; x_wconf 90' lang='lat' dir='ltr'>propter</span> <span class='ocrx_word' id='word_1_169' title='bbox 1137 2335 1356 2422; x_wconf 88' lang='lat' dir='ltr'>epithetorum</span> <span class='ocrx_word' id='word_1_170' title='bbox 1371 2357 1467 2398; x_wconf 87' lang='lat' dir='ltr'>usum</span> 
     </span>
     <span class='ocr_line' id='line_1_20' title="bbox 348 2435 1467 2525; baseline -0.003 -22"><span class='ocrx_word' id='word_1_171' title='bbox 348 2460 431 2525; x_wconf 89' lang='lat' dir='ltr'>quae</span> <span class='ocrx_word' id='word_1_172' title='bbox 454 2437 606 2502; x_wconf 88' lang='lat' dir='ltr'>ornantia</span> <span class='ocrx_word' id='word_1_173' title='bbox 632 2436 788 2502; x_wconf 87' lang='lat' dir='ltr'>dicuntur</span> <span class='ocrx_word' id='word_1_174' title='bbox 813 2435 867 2501; x_wconf 90' lang='lat' dir='ltr'>uel</span> <span class='ocrx_word' id='word_1_175' title='bbox 894 2447 1027 2524; x_wconf 90' lang='lat' dir='ltr'>propter</span> <span class='ocrx_word' id='word_1_176' title='bbox 1053 2436 1215 2503; x_wconf 86' lang='lat' dir='ltr'>uocabula</span> <span class='ocrx_word' id='word_1_177' title='bbox 1243 2459 1327 2523; x_wconf 92' lang='lat' dir='ltr'>quae</span> <span class='ocrx_word' id='word_1_178' title='bbox 1355 2437 1467 2500; x_wconf 91' lang='lat' dir='ltr'>insunt</span> 
     </span>
     <span class='ocr_line' id='line_1_21' title="bbox 346 2536 1466 2626; baseline -0.003 -21"><span class='ocrx_word' id='word_1_179' title='bbox 346 2539 476 2626; x_wconf 86' lang='lat' dir='ltr'>poetica</span> <span class='ocrx_word' id='word_1_180' title='bbox 503 2537 652 2603; x_wconf 86' lang='lat' dir='ltr'>uersibus</span> <span class='ocrx_word' id='word_1_181' title='bbox 686 2538 849 2620; x_wconf 76' lang='lat' dir='ltr'>adtribui,</span> <span class='ocrx_word' id='word_1_182' title='bbox 883 2536 986 2603; x_wconf 92' lang='lat' dir='ltr'>oculis</span> <span class='ocrx_word' id='word_1_183' title='bbox 1019 2537 1287 2624; x_wconf 85' lang='lat' dir='ltr'>perlustraueris,</span> <span class='ocrx_word' id='word_1_184' title='bbox 1320 2559 1466 2624; x_wconf 86' lang='lat' dir='ltr'>quaeque</span> 
     </span>
     <span class='ocr_line' id='line_1_22' title="bbox 346 2637 1467 2729; baseline -0.003 -24"><span class='ocrx_word' id='word_1_185' title='bbox 346 2640 506 2707; x_wconf 82' lang='lat' dir='ltr'>fueritin</span> <span class='ocrx_word' id='word_1_186' title='bbox 527 2638 734 2725; x_wconf 82' lang='lat' dir='ltr'>pedestribus</span> <span class='ocrx_word' id='word_1_187' title='bbox 755 2639 913 2704; x_wconf 88' lang='lat' dir='ltr'>Varronis</span> <span class='ocrx_word' id='word_1_188' title='bbox 935 2639 1042 2722; x_wconf 86' lang='lat' dir='ltr'>libris,</span> <span class='ocrx_word' id='word_1_189' title='bbox 1064 2639 1259 2729; x_wconf 88' lang='lat' dir='ltr'>praesertim</span> <span class='ocrx_word' id='word_1_190' title='bbox 1280 2637 1346 2703; x_wconf 91' lang='lat' dir='ltr'>illis</span> <span class='ocrx_word' id='word_1_191' title='bbox 1369 2639 1467 2703; x_wconf 86' lang='lat' dir='ltr'>dere</span> 
     </span>
     <span class='ocr_line' id='line_1_23' title="bbox 347 2738 1465 2828; baseline -0.003 -22"><span class='ocrx_word' id='word_1_192' title='bbox 347 2741 471 2806; x_wconf 90' lang='lat' dir='ltr'>rustica</span> <span class='ocrx_word' id='word_1_193' title='bbox 492 2739 604 2804; x_wconf 89' lang='lat' dir='ltr'>hilaris</span> <span class='ocrx_word' id='word_1_194' title='bbox 634 2740 766 2828; x_wconf 89' lang='lat' dir='ltr'>quidem</span> <span class='ocrx_word' id='word_1_195' title='bbox 794 2750 827 2805; x_wconf 89' lang='lat' dir='ltr'>et</span> <span class='ocrx_word' id='word_1_196' title='bbox 848 2741 958 2806; x_wconf 87' lang='lat' dir='ltr'>faceta</span> <span class='ocrx_word' id='word_1_197' title='bbox 985 2740 1173 2828; x_wconf 83' lang='lat' dir='ltr'>salibusque</span> <span class='ocrx_word' id='word_1_198' title='bbox 1202 2763 1380 2827; x_wconf 88' lang='lat' dir='ltr'>conspersa</span> <span class='ocrx_word' id='word_1_199' title='bbox 1407 2738 1465 2803; x_wconf 91' lang='lat' dir='ltr'>sed</span> 
     </span>
     <span class='ocr_line' id='line_1_24' title="bbox 348 2841 1464 2928; baseline -0.004 -20"><span class='ocrx_word' id='word_1_200' title='bbox 348 2841 591 2928; x_wconf 89' lang='lat' dir='ltr'>simplicissima</span> <span class='ocrx_word' id='word_1_201' title='bbox 622 2841 789 2908; x_wconf 89' lang='lat' dir='ltr'>scribendi</span> <span class='ocrx_word' id='word_1_202' title='bbox 820 2842 905 2908; x_wconf 88' lang='lat' dir='ltr'>ratio</span> <span class='ocrx_word' id='word_1_203' title='bbox 938 2843 1141 2925; x_wconf 86' lang='lat' dir='ltr'>memineris,</span> <span class='ocrx_word' id='word_1_204' title='bbox 1174 2841 1272 2908; x_wconf 87' lang='lat' dir='ltr'>facile</span> <span class='ocrx_word' id='word_1_205' title='bbox 1305 2841 1464 2908; x_wconf 82' lang='lat' dir='ltr'>concedes</span> 
     </span>
     <span class='ocr_line' id='line_1_25' title="bbox 346 2943 1465 3033; baseline -0.001 -25"><span class='ocrx_word' id='word_1_206' title='bbox 346 2943 447 3010; x_wconf 88' lang='lat' dir='ltr'>latius</span> <span class='ocrx_word' id='word_1_207' title='bbox 470 2945 569 3009; x_wconf 90' lang='lat' dir='ltr'>etiam</span> <span class='ocrx_word' id='word_1_208' title='bbox 597 2944 802 3029; x_wconf 88' lang='lat' dir='ltr'>euagandum</span> <span class='ocrx_word' id='word_1_209' title='bbox 830 2966 901 3009; x_wconf 88' lang='lat' dir='ltr'>esse</span> <span class='ocrx_word' id='word_1_210' title='bbox 924 2945 1113 3033; x_wconf 89' lang='lat' dir='ltr'>omniaque,</span> <span class='ocrx_word' id='word_1_211' title='bbox 1143 2967 1227 3033; x_wconf 92' lang='lat' dir='ltr'>quae</span> <span class='ocrx_word' id='word_1_212' title='bbox 1253 2943 1307 3008; x_wconf 90' lang='lat' dir='ltr'>uel</span> <span class='ocrx_word' id='word_1_213' title='bbox 1334 2943 1465 3010; x_wconf 87' lang='lat' dir='ltr'>insolite</span> 
     </span>
     <span class='ocr_line' id='line_1_26' title="bbox 347 3042 1465 3133; baseline 0 -23"><span class='ocrx_word' id='word_1_214' title='bbox 347 3057 380 3112; x_wconf 91' lang='lat' dir='ltr'>et</span> <span class='ocrx_word' id='word_1_215' title='bbox 402 3045 580 3112; x_wconf 88' lang='lat' dir='ltr'>artificiose</span> <span class='ocrx_word' id='word_1_216' title='bbox 603 3056 636 3111; x_wconf 91' lang='lat' dir='ltr'>et</span> <span class='ocrx_word' id='word_1_217' title='bbox 658 3056 803 3113; x_wconf 90' lang='lat' dir='ltr'>tortuose</span> <span class='ocrx_word' id='word_1_218' title='bbox 833 3047 956 3133; x_wconf 88' lang='lat' dir='ltr'>scripta</span> <span class='ocrx_word' id='word_1_219' title='bbox 977 3044 1031 3110; x_wconf 90' lang='lat' dir='ltr'>uel</span> <span class='ocrx_word' id='word_1_220' title='bbox 1053 3048 1155 3133; x_wconf 90' lang='lat' dir='ltr'>nimia</span> <span class='ocrx_word' id='word_1_221' title='bbox 1183 3047 1359 3112; x_wconf 89' lang='lat' dir='ltr'>uerborum</span> <span class='ocrx_word' id='word_1_222' title='bbox 1385 3042 1465 3110; x_wconf 91' lang='lat' dir='ltr'>mul-</span> 
     </span>
     <span class='ocr_line' id='line_1_27' title="bbox 346 3147 1464 3234; baseline -0.002 -22"><span class='ocrx_word' id='word_1_223' title='bbox 346 3147 489 3212; x_wconf 87' lang='lat' dir='ltr'>titudine</span> <span class='ocrx_word' id='word_1_224' title='bbox 521 3147 661 3213; x_wconf 89' lang='lat' dir='ltr'>molesta</span> <span class='ocrx_word' id='word_1_225' title='bbox 695 3159 727 3213; x_wconf 93' lang='lat' dir='ltr'>et</span> <span class='ocrx_word' id='word_1_226' title='bbox 762 3169 1021 3234; x_wconf 87' lang='lat' dir='ltr'>superuacaneas</span> <span class='ocrx_word' id='word_1_227' title='bbox 1054 3149 1209 3233; x_wconf 80' lang='lat' dir='ltr'>ambages</span> <span class='ocrx_word' id='word_1_228' title='bbox 1246 3148 1341 3234; x_wconf 90' lang='lat' dir='ltr'>(quas</span> <span class='ocrx_word' id='word_1_229' title='bbox 1374 3147 1464 3231; x_wconf 86' lang='lat' dir='ltr'>frigi-</span> 
     </span>
     <span class='ocr_line' id='line_1_28' title="bbox 347 3247 1464 3336; baseline 0.001 -24"><span class='ocrx_word' id='word_1_230' title='bbox 347 3247 496 3313; x_wconf 89' lang='lat' dir='ltr'>diuscule</span> <span class='ocrx_word' id='word_1_231' title='bbox 528 3249 713 3315; x_wconf 89' lang='lat' dir='ltr'>Varronem</span> <span class='ocrx_word' id='word_1_232' title='bbox 745 3272 979 3336; x_wconf 91' lang='lat' dir='ltr'>nonnunquam</span> <span class='ocrx_word' id='word_1_233' title='bbox 1012 3273 1174 3336; x_wconf 89' lang='lat' dir='ltr'>usurpare</span> <span class='ocrx_word' id='word_1_234' title='bbox 1205 3249 1332 3333; x_wconf 81' lang='lat' dir='ltr'>fateor)</span> <span class='ocrx_word' id='word_1_235' title='bbox 1365 3248 1464 3313; x_wconf 91' lang='lat' dir='ltr'>conti·</span> 
     </span>
     <span class='ocr_line' id='line_1_29' title="bbox 345 3349 1464 3437; baseline -0.003 -23"><span class='ocrx_word' id='word_1_236' title='bbox 345 3351 459 3416; x_wconf 85' lang='lat' dir='ltr'>nentia</span> <span class='ocrx_word' id='word_1_237' title='bbox 479 3350 514 3414; x_wconf 94' lang='lat' dir='ltr'>in</span> <span class='ocrx_word' id='word_1_238' title='bbox 536 3351 657 3416; x_wconf 87' lang='lat' dir='ltr'>saturis</span> <span class='ocrx_word' id='word_1_239' title='bbox 680 3351 902 3433; x_wconf 79' lang='lat' dir='ltr'>inueniuntur,</span> <span class='ocrx_word' id='word_1_240' title='bbox 925 3351 1017 3437; x_wconf 88' lang='lat' dir='ltr'>poesi</span> <span class='ocrx_word' id='word_1_241' title='bbox 1038 3350 1239 3416; x_wconf 88' lang='lat' dir='ltr'>uindicanda</span> <span class='ocrx_word' id='word_1_242' title='bbox 1261 3373 1343 3415; x_wconf 87' lang='lat' dir='ltr'>esse.</span> <span class='ocrx_word' id='word_1_243' title='bbox 1386 3349 1464 3413; x_wconf 90' lang='lat' dir='ltr'>Pro-</span> 
     </span>
     <span class='ocr_line' id='line_1_30' title="bbox 346 3449 1464 3540; baseline -0.002 -25"><span class='ocrx_word' id='word_1_244' title='bbox 346 3454 434 3518; x_wconf 85' lang='lat' dir='ltr'>fecto</span> <span class='ocrx_word' id='word_1_245' title='bbox 455 3451 537 3516; x_wconf 90' lang='lat' dir='ltr'>haec</span> <span class='ocrx_word' id='word_1_246' title='bbox 559 3474 687 3540; x_wconf 88' lang='lat' dir='ltr'>semper</span> <span class='ocrx_word' id='word_1_247' title='bbox 714 3453 783 3518; x_wconf 84' lang='lat' dir='ltr'>lere</span> <span class='ocrx_word' id='word_1_248' title='bbox 805 3452 848 3518; x_wconf 90' lang='lat' dir='ltr'>ab</span> <span class='ocrx_word' id='word_1_249' title='bbox 871 3453 918 3516; x_wconf 89' lang='lat' dir='ltr'>eis</span> <span class='ocrx_word' id='word_1_250' title='bbox 941 3475 1024 3538; x_wconf 89' lang='lat' dir='ltr'>quae</span> <span class='ocrx_word' id='word_1_251' title='bbox 1051 3451 1242 3539; x_wconf 88' lang='lat' dir='ltr'>simpliciter</span> <span class='ocrx_word' id='word_1_252' title='bbox 1265 3461 1297 3516; x_wconf 90' lang='lat' dir='ltr'>et</span> <span class='ocrx_word' id='word_1_253' title='bbox 1318 3449 1464 3537; x_wconf 87' lang='lat' dir='ltr'>pedestri</span> 
     </span>
     <span class='ocr_line' id='line_1_31' title="bbox 345 3551 1463 3640; baseline -0.002 -23"><span class='ocrx_word' id='word_1_254' title='bbox 345 3576 436 3618; x_wconf 88' lang='lat' dir='ltr'>more</span> <span class='ocrx_word' id='word_1_255' title='bbox 459 3556 639 3640; x_wconf 89' lang='lat' dir='ltr'>composita</span> <span class='ocrx_word' id='word_1_256' title='bbox 661 3565 753 3638; x_wconf 85' lang='lat' dir='ltr'>sunt,</span> <span class='ocrx_word' id='word_1_257' title='bbox 779 3555 885 3640; x_wconf 90' lang='lat' dir='ltr'>primo</span> <span class='ocrx_word' id='word_1_258' title='bbox 908 3554 1019 3620; x_wconf 84' lang='lat' dir='ltr'>statim</span> <span class='ocrx_word' id='word_1_259' title='bbox 1041 3555 1159 3620; x_wconf 90' lang='lat' dir='ltr'>obtutu</span> <span class='ocrx_word' id='word_1_260' title='bbox 1182 3554 1368 3619; x_wconf 88' lang='lat' dir='ltr'>discernere</span> <span class='ocrx_word' id='word_1_261' title='bbox 1390 3551 1463 3616; x_wconf 87' lang='lat' dir='ltr'>lice-</span> 
     </span>
     <span class='ocr_line' id='line_1_32' title="bbox 345 3645 1313 3743; baseline 0.001 -25"><span class='ocrx_word' id='word_1_262' title='bbox 345 3654 406 3719; x_wconf 91' lang='lat' dir='ltr'>bit.</span> <span class='ocrx_word' id='word_1_263' title='bbox 452 3655 542 3736; x_wconf 78' lang='lat' dir='ltr'>Quas</span> <span class='ocrx_word' id='word_1_264' title='bbox 565 3664 699 3743; x_wconf 88' lang='lat' dir='ltr'>propter</span> <span class='ocrx_word' id='word_1_265' title='bbox 722 3679 837 3722; x_wconf 83' lang='lat' dir='ltr'>causas</span> <span class='ocrx_word' id='word_1_266' title='bbox 859 3656 959 3722; x_wconf 89' lang='lat' dir='ltr'>haece</span> <span class='ocrx_word' id='word_1_267' title='bbox 980 3656 1111 3742; x_wconf 89' lang='lat' dir='ltr'>poetica</span> <span class='ocrx_word' id='word_1_268' title='bbox 1133 3678 1206 3720; x_wconf 86' lang='lat' dir='ltr'>esse</span> <span class='ocrx_word' id='word_1_269' title='bbox 1228 3645 1313 3721; x_wconf 89' lang='lat' dir='ltr'>dico.</span> 
     </span>
    </p>

    <p class='ocr_par' dir='ltr' id='par_1_4' title="bbox 344 3756 1463 4451">
     <span class='ocr_line' id='line_1_33' title="bbox 431 3756 1463 3836; baseline -0.003 -15"><span class='ocrx_word' id='word_1_270' title='bbox 431 3756 532 3822; x_wconf 88' lang='lat' dir='ltr'>Abor.</span> <span class='ocrx_word' id='word_1_271' title='bbox 556 3757 587 3821; x_wconf 92' lang='lat' dir='ltr'>I:</span> <span class='ocrx_word' id='word_1_272' title='bbox 618 3764 702 3836; x_wconf 74' lang='lat' dir='ltr'>‘equs&#39;</span> <span class='ocrx_word' id='word_1_273' title='bbox 726 3763 879 3823; x_wconf 59' lang='lat' dir='ltr'>hinniunt</span> <span class='ocrx_word' id='word_1_274' title='bbox 907 3758 942 3821; x_wconf 91' lang='lat' dir='ltr'>in</span> <span class='ocrx_word' id='word_1_275' title='bbox 969 3756 1212 3822; x_wconf 88' lang='lat' dir='ltr'>enumeratione</span> <span class='ocrx_word' id='word_1_276' title='bbox 1239 3779 1350 3821; x_wconf 89' lang='lat' dir='ltr'>rerum</span> <span class='ocrx_word' id='word_1_277' title='bbox 1377 3756 1463 3820; x_wconf 88' lang='lat' dir='ltr'>simi-</span> 
     </span>
     <span class='ocr_line' id='line_1_34' title="bbox 344 3855 1461 3943; baseline 0.001 -25"><span class='ocrx_word' id='word_1_278' title='bbox 344 3855 424 3922; x_wconf 89' lang='lat' dir='ltr'>lium</span> <span class='ocrx_word' id='word_1_279' title='bbox 444 3855 564 3943; x_wconf 84' lang='lat' dir='ltr'>plurali</span> <span class='ocrx_word' id='word_1_280' title='bbox 585 3866 719 3943; x_wconf 90' lang='lat' dir='ltr'>repente</span> <span class='ocrx_word' id='word_1_281' title='bbox 741 3881 876 3924; x_wconf 90' lang='lat' dir='ltr'>numero</span> <span class='ocrx_word' id='word_1_282' title='bbox 897 3858 1030 3925; x_wconf 90' lang='lat' dir='ltr'>insolite</span> <span class='ocrx_word' id='word_1_283' title='bbox 1052 3859 1180 3923; x_wconf 84' lang='lat' dir='ltr'>dicitur.</span> <span class='ocrx_word' id='word_1_284' title='bbox 1195 3898 1238 3908; x_wconf 84' lang='lat'>—</span> <span class='ocrx_word' id='word_1_285' title='bbox 1258 3859 1381 3943; x_wconf 87' lang='lat' dir='ltr'>Agath.</span> <span class='ocrx_word' id='word_1_286' title='bbox 1397 3856 1461 3922; x_wconf 93' lang='lat' dir='ltr'>IV:</span> 
     </span>
     <span class='ocr_line' id='line_1_35' title="bbox 346 3959 1461 4046; baseline 0.001 -24"><span class='ocrx_word' id='word_1_287' title='bbox 346 3965 389 4023; x_wconf 79' lang='lat' dir='ltr'>‘in</span> <span class='ocrx_word' id='word_1_288' title='bbox 417 3964 553 4024; x_wconf 79' lang='lat' dir='ltr'>aedibus&#39;</span> <span class='ocrx_word' id='word_1_289' title='bbox 581 3981 876 4046; x_wconf 65' lang='lat' dir='ltr'>superuacaneum</span> <span class='ocrx_word' id='word_1_290' title='bbox 905 3960 947 4025; x_wconf 89' lang='lat' dir='ltr'>cf.</span> <span class='ocrx_word' id='word_1_291' title='bbox 976 3961 1076 4025; x_wconf 89' lang='lat' dir='ltr'>etiam</span> <span class='ocrx_word' id='word_1_292' title='bbox 1108 3984 1140 4045; x_wconf 88' lang='lat' dir='ltr'>p.</span> <span class='ocrx_word' id='word_1_293' title='bbox 1158 3969 1209 4030; x_wconf 84' lang='lat'>73.</span> <span class='ocrx_word' id='word_1_294' title='bbox 1242 3997 1284 4006; x_wconf 94' lang='lat'><em>-</em></span> <span class='ocrx_word' id='word_1_295' title='bbox 1310 3959 1392 4025; x_wconf 89' lang='lat' dir='ltr'>ibid.</span> <span class='ocrx_word' id='word_1_296' title='bbox 1415 3959 1461 4024; x_wconf 93' lang='lat' dir='ltr'>V:</span> 
     </span>
     <span class='ocr_line' id='line_1_36' title="bbox 346 4060 1462 4149; baseline -0.002 -25"><span class='ocrx_word' id='word_1_297' title='bbox 346 4067 444 4126; x_wconf 76' lang='lat' dir='ltr'>‘caelo</span> <span class='ocrx_word' id='word_1_298' title='bbox 458 4067 579 4128; x_wconf 75' lang='lat' dir='ltr'>colitas&#39;</span> <span class='ocrx_word' id='word_1_299' title='bbox 604 4083 677 4126; x_wconf 89' lang='lat' dir='ltr'>cum</span> <span class='ocrx_word' id='word_1_300' title='bbox 692 4071 763 4126; x_wconf 86' lang='lat' dir='ltr'>arte</span> <span class='ocrx_word' id='word_1_301' title='bbox 786 4061 909 4128; x_wconf 82' lang='lat' dir='ltr'>dictum</span> <span class='ocrx_word' id='word_1_302' title='bbox 928 4085 988 4149; x_wconf 89' lang='lat' dir='ltr'>pro</span> <span class='ocrx_word' id='word_1_303' title='bbox 1011 4060 1194 4126; x_wconf 74' lang='lat' dir='ltr'>‘caelatus’.</span> <span class='ocrx_word' id='word_1_304' title='bbox 1209 4098 1252 4120; x_wconf 92' lang='lat'>-.·</span> <span class='ocrx_word' id='word_1_305' title='bbox 1266 4060 1383 4126; x_wconf 88' lang='lat' dir='ltr'>Obiter</span> <span class='ocrx_word' id='word_1_306' title='bbox 1396 4081 1462 4123; x_wconf 91' lang='lat' dir='ltr'>mo·</span> 
     </span>
     <span class='ocr_line' id='line_1_37' title="bbox 345 4149 1462 4249; baseline 0.002 -25"><span class='ocrx_word' id='word_1_307' title='bbox 345 4184 406 4227; x_wconf 90' lang='lat' dir='ltr'>neo</span> <span class='ocrx_word' id='word_1_308' title='bbox 441 4162 481 4226; x_wconf 92' lang='lat' dir='ltr'>de</span> <span class='ocrx_word' id='word_1_309' title='bbox 512 4162 633 4248; x_wconf 83' lang='lat' dir='ltr'>Agath.</span> <span class='ocrx_word' id='word_1_310' title='bbox 661 4162 707 4248; x_wconf 83' lang='lat' dir='ltr'>lg.</span> <span class='ocrx_word' id='word_1_311' title='bbox 737 4149 757 4233; x_wconf 77' lang='grc'><strong><em>4</em></strong></span> <span class='ocrx_word' id='word_1_312' title='bbox 794 4161 887 4228; x_wconf 90' lang='lat' dir='ltr'>Oehl.</span> <span class='ocrx_word' id='word_1_313' title='bbox 916 4163 1003 4249; x_wconf 90' lang='lat' dir='ltr'>quod</span> <span class='ocrx_word' id='word_1_314' title='bbox 1035 4163 1176 4228; x_wconf 89' lang='lat' dir='ltr'>Varroni</span> <span class='ocrx_word' id='word_1_315' title='bbox 1208 4161 1462 4228; x_wconf 89' lang='lat' dir='ltr'>abiudicandum</span> 
     </span>
     <span class='ocr_line' id='line_1_38' title="bbox 344 4259 1461 4350; baseline 0 -24"><span class='ocrx_word' id='word_1_316' title='bbox 344 4262 478 4327; x_wconf 89' lang='lat' dir='ltr'>uidetur</span> <span class='ocrx_word' id='word_1_317' title='bbox 500 4263 546 4350; x_wconf 88' lang='lat' dir='ltr'>(u.</span> <span class='ocrx_word' id='word_1_318' title='bbox 570 4267 681 4330; x_wconf 90' lang='lat' dir='ltr'>adnot.</span> <span class='ocrx_word' id='word_1_319' title='bbox 704 4263 800 4329; x_wconf 90' lang='lat' dir='ltr'>adh.</span> <span class='ocrx_word' id='word_1_320' title='bbox 824 4265 876 4350; x_wconf 82' lang='lat' dir='ltr'>l.);</span> <span class='ocrx_word' id='word_1_321' title='bbox 906 4265 959 4328; x_wconf 88' lang='lat' dir='ltr'>sin</span> <span class='ocrx_word' id='word_1_322' title='bbox 980 4264 1052 4350; x_wconf 92' lang='lat' dir='ltr'>quis</span> <span class='ocrx_word' id='word_1_323' title='bbox 1075 4264 1218 4330; x_wconf 88' lang='lat' dir='ltr'>Varroni</span> <span class='ocrx_word' id='word_1_324' title='bbox 1240 4259 1385 4329; x_wconf 88' lang='lat' dir='ltr'>tribuere</span> <span class='ocrx_word' id='word_1_325' title='bbox 1406 4284 1461 4326; x_wconf 91' lang='lat' dir='ltr'>uc·</span> 
     </span>
     <span class='ocr_line' id='line_1_39' title="bbox 345 4354 1462 4451; baseline 0.004 -26"><span class='ocrx_word' id='word_1_326' title='bbox 345 4360 406 4444; x_wconf 82' lang='lat' dir='ltr'>let,</span> <span class='ocrx_word' id='word_1_327' title='bbox 435 4354 612 4450; x_wconf 84' lang='lat' dir='ltr'>poeticum</span> <span class='ocrx_word' id='word_1_328' title='bbox 625 4377 734 4432; x_wconf 88' lang='lat' dir='ltr'>tamen</span> <span class='ocrx_word' id='word_1_329' title='bbox 761 4365 862 4430; x_wconf 85' lang='lat' dir='ltr'>faciet</span> <span class='ocrx_word' id='word_1_330' title='bbox 888 4388 962 4430; x_wconf 92' lang='lat' dir='ltr'>cum</span> <span class='ocrx_word' id='word_1_331' title='bbox 984 4374 1119 4451; x_wconf 89' lang='lat' dir='ltr'>propter</span> <span class='ocrx_word' id='word_1_332' title='bbox 1140 4365 1326 4431; x_wconf 89' lang='lat' dir='ltr'>Plautinam</span> <span class='ocrx_word' id='word_1_333' title='bbox 1348 4386 1462 4431; x_wconf 90' lang='lat' dir='ltr'>uocem</span> 
     </span>
    </p>
   </div>
   <div class='ocr_carea' id='block_1_3' title="bbox 0 0 1642 5296">
    <p class='ocr_par' dir='ltr' id='par_1_5' title="bbox 0 0 1642 5296">
     <span class='ocr_line' id='line_1_40' title="bbox 0 0 1642 5296; baseline 0 3"><span class='ocrx_word' id='word_1_334' title='bbox 0 0 1642 5296; x_wconf 95' lang='lat' dir='ltr'> </span> 
     </span>
    </p>
   </div>
  </div>
 </body>
</html>
