3274 5296
652 431 779 490 CAPVT
810 432 830 488 ll
1257 429 1299 494 59

181 617 280 684 quam
302 615 386 682 quae
408 593 530 661 talibus
553 593 663 660 uerbis
687 594 920 682 exprimendae
948 597 1029 680 sint,
1057 595 1110 660 uel
1136 619 1202 662 non
1231 598 1299 664 sins

181 697 325 784 quadam
358 695 528 761 doctrinae
564 695 660 783 copia
687 695 909 763 adhibitorum
935 719 998 764 usu
1025 697 1157 786 prodiit.
1207 699 1300 763 Haec

180 798 281 886 igitur
308 798 393 864 ratio
424 796 567 863 Varroni
596 798 729 864 uidetur
759 799 908 886 propria3
942 821 1062 884 magna
1089 810 1198 865 autom
1227 799 1299 864 reli-

181 901 333 990 quiarum
352 921 429 987 pars
446 899 584 965 aliorum
599 909 770 986 poetarum
785 900 1001 968 imitationem
1016 910 1127 988 aperte
1143 901 1298 967 ostendit.

182 1003 291 1084 Quam
320 1001 479 1088 quidem,¹
504 1023 578 1066 eum
606 1001 641 1064 hi
667 1002 733 1089 ipsi
756 1001 904 1090 plerique
931 1003 1061 1068 nonnisi
1090 1025 1149 1089 per
1171 1002 1301 1088 singula

183 1104 328 1170 frustula
349 1103 446 1169 nobis
468 1103 539 1169 noti
562 1103 637 1186 sint,
661 1103 695 1167 in
709 1104 900 1169 uniuersum
915 1104 1066 1171 diuinare
1081 1105 1186 1190 magis
1202 1128 1301 1191 quam

182 1205 306 1291 apertis
329 1205 506 1276 uerborum
528 1203 754 1270 similitudinis
771 1207 921 1292 uestigiis
938 1217 1119 1272 monstraro
1134 1206 1220 1272 licet.
1249 1207 1301 1272 Ita
1340 1227 1342 1234 ’

181 1307 344 1392 tragicum
373 1328 553 1373 sermonem
583 1328 656 1371 cum
684 1306 757 1371 aliis
787 1306 868 1374 loeis
891 1317 961 1373 tum
982 1308 1207 1394 pulcherrimis
1229 1331 1300 1374 uer-

186 1409 277 1476 sibus
300 1407 495 1496 Marciporis
525 1409 571 1494 fg.
596 1408 724 1473 lI-VI
745 1409 830 1475 bene
852 1409 1035 1476 aemulatus
1058 1421 1108 1476 est
1116 1458 1124 1493 ,
1152 1410 1301 1476 nimium-

183 1534 246 1598 que
276 1511 375 1578 etiam
402 1532 466 1598 quo
498 1531 603 1576 sermo
631 1510 686 1574 ille
715 1533 949 1599 nonnunquam
980 1510 1116 1578 inclinat
1142 1521 1317 1579 tumorem»

183 1613 393 1700 Papiapapae
421 1612 469 1698 fg.
491 1611 584 1678 I-V
613 1623 701 1679 reete
729 1614 902 1700 expressit.
954 1613 1164 1680 (lomicorum
1191 1625 1302 1682 autem

184 1715 402 1781 imitationem
417 1736 491 1780 raro
507 1715 699 1801 inuenies,¹)
723 1736 827 1802 neque
843 1714 945 1782 multo
961 1716 1092 1804 saepius
1108 1716 1196 1804 quod
1213 1718 1301 1804 equi-

182 1817 257 1882 dem
274 1817 375 1882 miror
389 1839 505 1882 uersus
528 1815 571 1882 ad
585 1815 810 1882 Ennianorum
825 1817 991 1884 annalium
1006 1818 1173 1907 exemplar
1194 1819 1300 1886 factos

184 1919 377 2005 reperimus,
393 1940 591 2006 quamquam
607 1929 809 2005 quantopere
822 1919 882 1986 hos
898 1919 999 1986 libros
1017 1920 1123 1987 Varro
1141 1921 1302 1988 adamarit

180 2021 287 2086 multa
308 2020 496 2086 testimonia
518 2029 551 2086 et
572 2020 606 2084 in
629 2018 701 2084 aliis
725 2019 818 2086 libris
842 2033 876 2087 et
897 2022 931 2086 iu
953 2023 1033 2109 ipsis
1051 2023 1170 2089 saturis
1192 2024 1302 2110 posita

182 2122 272 2188 clare
295 2120 483 2188 ostendunt.
528 2120 685 2206 Elegiaeo
709 2145 838 2210 quoque
860 2131 963 2188 metro
993 2133 1061 2188 tam
1088 2123 1192 2190 nitide
1221 2148 1300 2190 usus
1400 2155 1403 2162 ’

180 2236 234 2292 est
263 2223 422 2310 (Κοσμοτ.
446 2221 525 2290 VII.
550 2215 650 2299 ”Oaros
672 2219 777 2309 λύρας
792 2224 924 2310 XXII),
948 2235 986 2290 ut
1008 2247 1076 2292 non
1098 2226 1168 2290 sine
1191 2223 1301 2312 aliquo

181 2334 316 2391 auctore
338 2325 374 2390 id
395 2325 516 2391 fecisse
532 2326 769 2392 existimandus
787 2326 841 2408 sit,
864 2348 960 2412 quem
974 2326 1144 2392 nominare
1159 2327 1194 2390 in
1209 2335 1302 2392 tanta

178 2428 418 2516 poematiorum
444 2427 654 2494 multitudine
675 2449 740 2492 non
760 2450 945 2514 possumus.
980 2428 1027 2493 At
1046 2428 1080 2492 in
1102 2430 1300 2495 hexametris

179 2530 314 2616 saepius
343 2551 442 2616 quam
469 2530 659 2597 Ennianum
693 2551 874 2596 sermonem
902 2528 1108 2596 Lucilianum
1141 2531 1301 2613 imitatur,

179 2655 284 2721 quare
312 2631 350 2696 fit
371 2640 422 2714 ut,
455 2630 543 2719 quod
565 2634 710 2698 curatius
738 2632 827 2696 infra
849 2641 1048 2719 exponetur,
1076 2631 1247 2698 humillimi
1270 2643 1302 2700 et

179 2734 327 2800 maxime
343 2733 476 2799 demissi
491 2732 651 2800 Varronis
667 2756 782 2800 uersus
798 2735 885 2814 inter
899 2736 1108 2802 hexametros
1123 2734 1302 2822 quaerendi

179 2838 261 2902 sint.
299 2836 475 2902 Praeterea
496 2845 606 2902 autem
628 2859 692 2902 non
714 2835 931 2923 improbabile
953 2836 1097 2920 uidetur,
1119 2833 1302 2905 Varronem

179 2939 345 3006 hominem
375 2936 599 3003 doctissimum
627 2947 741 3026 poetas
771 2939 871 3005 etiam
899 2939 1134 3022 didascalicos,
1164 2963 1302 3027 quorum

178 3062 320 3126 magnus
343 3049 421 3106 tunc
444 3062 598 3105 numerus
622 3040 746 3107 Romae
770 3039 975 3123 effloruerat,
1002 3064 1070 3107 non
1098 3043 1168 3108 sine
1191 3042 1302 3108 studio

178 3143 302 3230 legisse
333 3143 369 3208 in
397 3164 574 3232 corumque
601 3142 622 3207 i.
652 3165 680 3208 e.
711 3142 807 3208 Porci
833 3142 955 3226 Licini,
989 3142 1121 3210 Volcati
1150 3142 1301 3229 Sedigiti,

177 3244 297 3312 Valeri
319 3244 447 3326 Sorani,
470 3244 508 3309 L.
527 3245 609 3326 Atti,
632 3243 771 3312 aliorum
793 3243 924 3310 dicendi
945 3266 1048 3330 genus
1069 3268 1302 3332 nonnunquam
1391 3303 1397 3318 ,

179 3346 358 3428 cecidisse,
393 3346 636 3434 quodquidam
663 3347 698 3412 in
728 3347 927 3413 tetrametris
956 3346 1149 3427 trochaicis,
1183 3347 1300 3432 quibus

178 3448 231 3514 illi
254 3446 451 3536 permultum
480 3449 531 3513 usi
553 3456 644 3530 sunt,
672 3471 746 3514 raro
769 3448 970 3531 inuenimus,
1000 3447 1042 3514 of.
1066 3447 1198 3514 Andab.
1221 3447 1302 3514 VII.

179 3551 328 3618 Bimarc.
352 3549 474 3634 XX113
505 3573 603 3636 saepe
627 3561 736 3616 autem
759 3552 792 3615 in
814 3549 1015 3614 hexametris
1039 3547 1302 3615 animaduertere

177 3653 271 3733 lieet,
295 3651 336 3717 cf.
355 3652 453 3739 Capr.
476 3652 577 3739 proel.
600 3653 647 3718 II.
663 3653 802 3718 Eumen.
819 3651 1027 3718 XVI—XX.
1050 3655 1189 3734 Γεροντ.
1205 3651 1302 3717 VIII.

178 3753 316 3820 Tithon.
340 3754 394 3846 III
422 3752 492 3838 all.;
521 3755 639 3842 quibus
667 3755 857 3842 plerumque
887 3755 996 3820 neseio
1020 3776 1104 3841 quae
1126 3753 1222 3820 tarda
1245 3754 1301 3819 du-

177 3855 264 3922 ritas
288 3855 384 3922 inest.
393 3855 419 3940 ²)
465 3856 554 3938 Quid
577 3856 664 3943 quod
686 3879 727 3921 ne
749 3857 785 3920 in
808 3856 957 3923 distichis
981 3856 1114 3944 quidem
1138 3855 1301 3942 elegiacis,

273 4042 301 4113 1)
320 4046 388 4098 Vide
408 4060 479 4112 quae
502 4046 531 4096 in
549 4047 601 4098 hoo
621 4047 713 4113 capita
732 4045 788 4095 dixi
808 4047 842 4096 de
860 4047 992 4112 Epttaph.
1010 4047 1032 4100 I.
1056 4047 1133 4096 Eum.
1152 4047 1175 4098 Ι.
1193 4045 1230 4096 II.
1250 4044 1301 4098 111.

178 4131 283 4184 XLIV.
322 4129 382 4183 Τοὓ
405 4145 490 4193 acro.
513 4146 538 4185 τ.
563 4147 592 4185 π.
616 4132 638 4185 Ι.
671 4131 744 4183 Glor.
767 4130 789 4181 1.
821 4131 942 4196 Κοσμοτ.
962 4132 1010 4185 IV.
1041 4131 1115 4183 Man.
1134 4129 1192 4183 XV.
1211 4129 1300 4180 XXII.

179 4216 253 4267 Bim.
272 4215 373 4268 XVIII.
398 4216 476 4280 Sesq.
494 4215 527 4266 V.
546 4215 607 4268 VII.
630 4216 712 4282 Myst.
731 4215 782 4268 III.

269 4298 298 4366 2)
317 4301 419 4353 Horati
441 4301 614 4352 hexametros
638 4315 832 4367 nonnunquam
854 4300 883 4350 iu
906 4315 985 4351 aures
1008 4303 1120 4352 uocant.
1153 4287 1244 4364 24de.
1261 4299 1301 4350 11:

181 4390 252 4437 ‘non
269 4388 302 4450 fit
324 4385 467 4437 thesaurts’
492 4399 551 4451 sqq.
576 4386 612 4440 ct.
632 4385 718 4436 Serm.
737 4386 750 4436 1
771 4387 798 4450 l,
824 4386 852 4436 1:
877 4383 941 4446 ‘Qut'
953 4386 996 4448 fit,
1015 4384 1170 4438 Maecenas’
1189 4398 1250 4450 sqq.
1267 4409 1301 4422 -
