3274 5296
639 437 769 494 GAPVT
799 438 808 492 l
1244 433 1285 496 3'l

167 627 405 704 argumentum.
450 617 599 682 Tertium
622 641 664 682 ex
686 616 814 682 ratione
836 615 1084 703 inscriptionum
1107 639 1208 704 supra
1232 618 1286 682 de·

168 721 289 807 scripto
305 727 470 806 repetetur
479 720 514 808 ¹).
549 719 619 783 Iam
635 718 895 804 logistoricorurn
910 718 1051 783 indicem
1065 721 1285 786 conficiemus.

344 831 373 890 1.
397 819 498 885 Catus
745 821 785 886 de
808 821 920 886 liberis
945 819 1125 886 educandis

342 929 371 992 2.
394 921 538 988 Messala
743 923 783 987 de
806 921 994 987 ualetudine
1002 923 1029 1008 ²)

342 1033 371 1095 3.
394 1017 527 1090 Tubero
652 1075 656 1082 .
743 1024 784 1089 de
807 1025 932 1110 origine
953 1024 1096 1089 humana
1107 1023 1133 1100 ³)

344 1136 373 1195 4.
397 1125 497 1192 Curio
749 1126 789 1190 de
812 1125 945 1190 deorum
969 1125 1090 1212 cultul)

342 1237 371 1296 5.
395 1227 520 1292 Marius
747 1227 787 1292 de
809 1226 977 1310 fortunai)

346 1337 376 1398 6.
399 1329 532 1394 Atticus
751 1329 792 1393 de
813 1329 956 1393 numeris
966 1329 991 1416 l)

342 1443 371 1502 7.
396 1430 531 1496 Orestes
753 1429 792 1494 de
815 1430 947 1494 insania

343 1541 371 1604 8.
394 1531 473 1596 Pius
750 1532 791 1596 de
813 1553 894 1618 pace

345 1643 375 1704 9.
399 1632 539 1699 Sisenna
754 1634 794 1698 de
816 1633 955 1700 historia

322 1733 513 1805 locellus
537 1735 729 1800 Fundanius
753 1735 794 1800 dc
817 1734 1019 1800 admirandis

322 1847 371 1905 ll.
394 1837 535 1902 Scaurus
547 1837 574 1923 ⁷)
838 1875 880 1885 -

171 1959 374 1972 ,..-.,.-.--

254 2009 281 2076 1)
300 2011 364 2061 ‘Die
383 2011 479 2060 innere
499 2009 680 2069 Oeconomie,
700 2009 744 2060 die
763 2010 897 2075 Flirbung
914 2009 964 2060 der
981 2009 1094 2060 Diction
1111 2008 1223 2059 miissen
1242 2008 1287 2060 die

167 2095 373 2149 Unterschiede
393 2095 512 2146 bewirlxt
535 2094 644 2145 baben’
667 2093 838 2145 Mercklinus
861 2094 880 2146 l.
901 2110 924 2147 c.
944 2110 970 2158 p.
989 2095 1053 2156 3953
1081 2109 1169 2160 neque
1193 2096 1288 2144 tamen

168 2184 227 2248 ipse
247 2183 378 2248 quantum
398 2178 478 2230 licuit
494 2180 567 2231 hanc
586 2180 755 2230 sententiam
775 2179 909 2228 adhibuit.

253 2265 279 2331 2)
299 2264 422 2314 Eundem
443 2268 540 2314 censet
558 2264 629 2314 bunc
648 2263 747 2314 librum
765 2263 932 2313 Ritschelius
951 2263 969 2311 l.
990 2277 1014 2312 c.
1033 2263 1071 2312 VI
1090 2279 1116 2328 p.
1135 2263 1184 2314 502
1204 2267 1287 2328 atque

168 2353 210 2402 ‘de
232 2350 379 2400 ualetudine
402 2351 496 2400 tuenda
520 2351 608 2400 librum
630 2350 662 2399 I’
691 2348 763 2413 apud
786 2349 982 2412 Hieronymum
1012 2351 1206 2409 memoratum
1239 2349 1286 2398 ob·

168 2437 297 2487 locuntur
319 2434 430 2484 Keilius
449 2432 530 2482 Obss.
556 2433 615 2488 crit.
641 2435 669 2483 in
693 2431 790 2486 Caton.
820 2437 848 2482 et
870 2433 987 2484 Varron.
1010 2431 1043 2482 de
1067 2448 1088 2485 r.
1107 2447 1127 2485 r.
1152 2448 1178 2498 p.
1204 2434 1236 2484 62
1261 2437 1289 2483 et

167 2519 340 2570 Mercklinus
365 2519 383 2570 l.
405 2533 428 2572 c.
447 2535 474 2584 p.
493 2519 551 2572 396.
588 2519 658 2568 Num
683 2514 864 2582 (Valerium)
887 2515 1032 2566 Messalam
1055 2516 1088 2566 de
1111 2516 1287 2568 ualetudine

167 2606 242 2656 lusus
264 2604 409 2655 uerborum
439 2618 539 2666 causa,
568 2603 665 2668 quales
694 2605 723 2652 in
748 2618 837 2654 rerum
864 2601 1029 2652 rusticarum
1051 2601 1130 2652 libris
1155 2601 1287 2654 adhibere

167 2690 246 2752 solet,
265 2687 426 2742 coniunxit?

253 2771 282 2838 3)
302 2771 426 2824 Eandem
446 2788 511 2836 rem,
531 2772 579 2824 sed
593 2777 669 2825 certo
682 2771 773 2838 aliter,
792 2773 821 2822 in
833 2771 1027 2838 Aboriginibus
1040 2775 1134 2822 sature
1145 2773 1287 2827 tractauit.

251 2857 279 2924 4)
297 2858 341 2908 De
365 2859 418 2908 hoc
441 2858 512 2908 libro
531 2857 693 2908 Krahncrus
717 2857 860 2908 ‘Varronis
879 2857 961 2907 Curio
986 2856 1061 2908 1851‘
1085 2871 1150 2906 uere
1175 2857 1288 2922 egregie

170 2944 234 3010 egit,
248 2958 412 3009 quamquam
425 2943 469 2994 hic
489 2943 546 2994 illic
563 2943 647 3008 paulo
661 2943 797 3008 argutius,
818 2943 852 2993 ad
870 2943 947 2994 cuius
965 2939 1088 2992 libellum
1106 2941 1208 3006 refero,
1227 2957 1288 2991 curn

169 3029 197 3078 in
213 3029 266 3079 hoc
291 3029 324 3078 de
349 3028 451 3078 saturis
475 3028 546 3079 libro
570 3027 662 3078 omnia
686 3027 756 3078 haec
780 3026 943 3094 singillatim
967 3029 1139 3092 pertractare
1164 3027 1288 3092 ineptum

171 3119 250 3164 esset.
286 3113 372 3164 Liber
391 3113 564 3179 conscriptus
584 3117 626 3162 est
644 3116 707 3178 post
726 3129 750 3164 6,
770 3128 796 3161 u.
816 3113 874 3174 667,
896 3111 933 3161 cf.
952 3111 1111 3162 Krabnerus
1129 3125 1155 3176 p.
1175 3111 1207 3161 16
1225 3126 1265 3177 sq.

256 3199 283 3262 5)
308 3197 351 3247 Ol.
377 3203 499 3248 saturam
516 3187 590 3262 ’Ἐχω
612 3211 642 3248 σε
671 3193 749 3262 [περὶ
771 3188 893 3262 atzmu
914 3196 985 3246 liber
1007 3200 1070 3262 post
1091 3196 1183 3246 uarios
1205 3195 1289 3246 Marii

173 3299 251 3335 casus
270 3283 308 3346 (a.
328 3298 355 3332 u.
375 3299 398 3334 c.
419 3283 479 3346 667)
499 3282 678 3347 conscriptus.

254 3367 282 3430 6)
302 3367 348 3417 Sic
368 3367 479 3418 codices
499 3371 574 3418 recte
594 3367 726 3418 exhibent
745 3366 789 3430 (de
807 3367 965 3416 muneribus
984 3365 1138 3428 Manutius,
1162 3364 1288 3415 Ritsehe-

171 3452 222 3504 lius
248 3453 282 3503 de
306 3453 380 3520 legg.
403 3470 430 3518 p.
448 3453 499 3513 Vl:
530 3469 546 3502 a
569 3451 764 3518 chronologico
792 3451 911 3502 fortasse
941 3449 1016 3501 illius
1043 3465 1125 3516 opere
1149 3448 1289 3499 exordium

172 3541 315 3603 sumptum.

253 3621 284 3687 7)
303 3623 405 3672 ‘Varro
423 3625 449 3672 in
468 3620 577 3673 Senurn’
598 3639 614 3672 a
627 3621 756 3672 Gharisio
773 3625 872 3686 quater
889 3620 1027 3670 laudatur.
1065 3619 1177 3670 Seruius
1197 3623 1288 3669 autem

172 3724 230 3758 cum
253 3709 282 3756 in
306 3707 406 3774 Georg.
427 3709 439 3758 I
464 3709 495 3757 19
518 3708 667 3758 Varronem
691 3709 734 3758 ‘de
760 3708 885 3756 scaenicis
907 3705 1044 3770 oriptaitas
1067 3708 1108 3756 uel
1129 3707 1155 3756 in
1178 3703 1288 3756 Scauro’

172 3793 288 3855 adferat,
309 3792 427 3842 alteram
445 3792 601 3858 logistorici
619 3791 829 3856 inscriptionem
847 3792 971 3842 indicare
984 3790 1124 3840 nonnullis
1141 3789 1218 3840 uisus
1237 3793 1288 3852 est,

172 3891 250 3942 quam
270 3877 493 3927 coniunctionem
511 3892 556 3928 res
579 3879 640 3942 ipsa
663 3891 719 3926 non
741 3877 885 3942 reprobat,
909 3893 970 3926 curn
988 3877 1025 3928 M.
1044 3874 1178 3926 Aemilius
1202 3872 1288 3923 Scau-

171 3977 227 4023 rus,
253 3961 354 4011 aedilis
373 3977 397 4016 a.
418 3977 443 4012 u.
464 3977 488 4011 c.
507 3963 571 4028 696,
600 3960 722 4012 ludorum
747 3962 938 4012 scaenicorum
962 3975 1029 4024 quos
1054 3959 1142 4010 edidit
1163 3957 1288 4024 magnifl-
1377 4021 1380 4033 Ι

172 4047 265 4096 centia
284 4046 455 4098 excelluerit.
491 4045 639 4096 Relellitur
664 4050 754 4122 sutem
773 4061 833 4096 enm
852 4062 886 4096 ea
903 4061 946 4108 re,
972 4043 1042 4110 quod
1061 4043 1138 4109 operi
1159 4041 1191 4092 de
1211 4057 1289 4092 scae-

172 4131 240 4181 nicis
259 4131 421 4198 originibus,
440 4131 545 4197 septies
563 4135 709 4196 praeterea
727 4135 886 4194 memorato,
899 4129 1029 4179 librorum
1047 4127 1184 4194 ubiquea
1202 4125 1289 4192 primo

173 4217 206 4266 ad
224 4217 334 4266 tertium
354 4231 482 4267 uumerus
502 4217 661 4282 apponitur,
685 4214 756 4280 quod
778 4215 807 4264 in
831 4213 933 4264 Scauro
955 4227 1090 4277 nusquam
1113 4214 1289 4276 factumest,

172 4307 226 4350 tum
251 4302 321 4366 quod
344 4300 524 4364 Censorinus,
553 4301 773 4368 logistoricorum
796 4299 944 4350 fidissimus
967 4298 1040 4347 inter
1062 4311 1156 4347 omnes
1177 4312 1288 4348 nornen·

176 4383 260 4436 clator
279 4383 316 4450 (c.
336 4387 366 4436 2:
392 4387 456 4438 libro
480 4389 521 4436 eni
543 4388 629 4436 666666
652 4392 690 4435 est
713 4385 814 4434 Atticus
836 4392 862 4434 et
879 4391 918 4434 est
936 4385 968 4434 de
986 4383 1109 4442 numeris:
1133 4398 1157 4432 c.
1176 4385 1206 4434 9:
1224 4383 1288 4434 libro
