3326 5304
326 442 367 506 78
796 444 926 502 oerr
956 445 977 500 11

325 611 506 674 seiunxerit
532 631 575 673 an
597 609 633 672 in
653 630 752 674 unam
774 629 848 670 cum
875 606 939 671 illis
970 607 1166 671 sententiam
1193 604 1356 671 confluere
1384 607 1440 672 ad-

324 711 459 776 miserit.
500 711 553 774 De
575 732 615 774 ea
636 733 671 774 re
693 711 819 796 primus
841 708 989 774 Kochius
1011 708 1047 770 in
1068 708 1358 774 exercitationibus
1381 709 1441 773 cri-

325 813 398 876 ticis
422 812 557 878 Bonnae
585 833 614 876 a.
640 820 720 881 1851
751 811 848 877 editis
877 833 910 896 p.
934 819 973 880 18
1003 809 1188 895 opinionem
1215 809 1366 895 protulit,
1396 815 1443 874 ‘et

324 921 437 995 raptim
463 934 555 994 saepe
582 918 619 977 ab
646 934 707 978 uno
735 933 876 978 aereum
901 932 1015 990 eenere
1041 917 1085 974 ad
1110 917 1239 976 atteram
1273 917 1442 976 Varroaaa

324 1023 457 1080 transire
488 1025 519 1079 et
546 1020 663 1079 1111111111
693 1021 829 1080 orationi
856 1019 995 1094 pedestri
1025 1034 1132 1077 ueram
1162 1020 1207 1078 ita
1238 1020 1378 1087 miscere,
1410 1025 1443 1077 at

324 1123 553 1183 enunciatcrwn
572 1123 649 1193 finer
671 1123 791 1182 omnino
813 1137 874 1180 noa
902 1121 1073 1195 respiciat&
1117 1114 1226 1194 Quam
1248 1113 1443 1179 sententiam

324 1228 497 1306 postquam
518 1216 688 1282 Vahlenus
717 1217 988 1302 Ribbeekiusque
1014 1237 1080 1279 non
1109 1214 1209 1279 semel
1238 1237 1332 1280 suam
1358 1215 1442 1280 fece·

324 1331 412 1403 runt,
436 1319 650 1385 acerbissime
673 1340 693 1382 a
714 1319 754 1382 L.
775 1316 934 1383 Muellero
957 1315 978 1380 l.
1003 1339 1031 1382 c.
1047 1341 1080 1404 p.
1097 1327 1133 1388 81
1159 1338 1229 1403 sqq.
1252 1318 1444 1404 impugnata

325 1430 386 1502 est,
409 1421 465 1508 qui
487 1423 636 1485 insanam
656 1420 741 1484 hanc
762 1420 923 1484 rationem
944 1440 1049 1504 neque
1064 1419 1216 1504 cuiquam
1238 1417 1354 1482 similis
1376 1441 1443 1482 ma·

325 1523 427 1587 111111
450 1522 603 1608 scriptori
633 1522 761 1587 Graeco
789 1520 951 1587 Latinoua
979 1520 1135 1584 usitatam
1164 1507 1259 1585 dixit.
1292 1519 1371 1600 ι(1111
1391 1519 1444 1582 uir

326 1624 439 1688 doctus
463 1624 492 1686 si
514 1623 651 1687 ‘insitae
673 1623 782 1686 animo
804 1621 1035 1688 uerecundiae'
1060 1621 1110 1706 (p.
1132 1620 1210 1706 444)
1239 1619 1444 1706 diligentiam

324 1724 460 1811 perinde
475 1723 676 1788 laudabilem
692 1724 870 1808 adiungere
885 1722 1056 1805 uoluisset,
1068 1743 1135 1787 non
1149 1724 1198 1788 ita
1211 1744 1331 1808 magno
1346 1743 1441 1809 spero

324 1826 437 1891 labore
459 1825 758 1906 animaduertisset,
780 1825 865 1890 hanc
887 1847 985 1912 quam
1007 1826 1107 1890 tantis
1124 1825 1278 1890 conuitiis
1295 1825 1443 1909 exagitat

324 1928 486 1994 rationem
513 1927 668 1993 Petronio
699 1925 824 1991 ‘similia
856 1926 1015 1992 materiae
1042 1925 1205 2012 scriptori’
1233 1947 1350 1990 reuera
1376 1925 1444 2013 pla·

326 2031 444 2094 cuisse.
499 2028 713 2094 Petronianos
747 2039 856 2093 autem
889 2027 976 2095 locos
1010 2027 1074 2092 huc
1106 2026 1265 2092 facientes
1298 2027 1444 2112 integros

324 2153 488 2219 apponam
508 2151 659 2216 nonque
686 2131 795 2195 uirum
821 2139 890 2194 tam
916 2129 1074 2194 eximium
1100 2139 1257 2217 temptem
1278 2151 1345 2194 rem
1368 2127 1444 2194 edo·

326 2255 415 2314 cera,
445 2231 504 2298 sed
525 2241 562 2296 ut
584 2241 743 2318 appareat
764 2232 912 2326 tandem,
942 2231 1130 2297 libertatem
1151 2231 1186 2294 in
1208 2227 1444 2296 conscribendo

327 2335 356 2398 si
378 2332 508 2421 quando
532 2333 674 2419 scriptor
694 2336 818 2419 peritus
842 2333 907 2399 sibi
922 2333 1114 2415 sumit‚¹non
1130 2355 1204 2397 eum
1221 2331 1445 2398 circumscribi

326 2435 453 2520 legibus
476 2435 549 2499 aliis
578 2457 676 2519 quam
698 2456 782 2520 quae
809 2436 882 2521 ipso
910 2433 1139 2520 pulcritudinis
1168 2456 1268 2500 sensu
1298 2435 1445 2500 sancian-

326 2547 390 2601 tur.
427 2536 566 2623 Scripsit
593 2536 694 2620 igitur
722 2537 895 2602 Petronius
919 2558 948 2600 c.
971 2543 1046 2607 108:
1077 2543 1104 2600 ³.
1120 2585 1129 2600 .
1148 2543 1308 2617 protendit
1327 2557 1446 2602 ramam

328 2645 428 2704 oliuae
450 2660 470 2702 a
492 2645 588 2703 tutele
609 2645 730 2717 nerea
750 2649 872 2718 raptam
895 2649 985 2717 atque
1000 2645 1031 2702 in
1045 2645 1228 2718 colloquium
1243 2647 1348 2705 uenire
1369 2659 1446 2704 aare
1501 2630 1504 2634 ’

202 2801 207 2811 ,
326 2741 411 2815 <01111
429 2744 539 2817 furer'
563 2742 718 2804 reclamat
739 2741 858 2819 ε11111111
880 2742 1033 2805 conuertit
1048 2745 1079 2804 in
1095 2743 1206 2804 dnae?
1230 2743 1449 2825 0111111111ρν11

326 2843 464 2906 meruere
485 2842 630 2906 mandst'
647 2849 901 2927 sqq.-o.128:
926 2849 948 2905 ἢ
965 2887 973 2904 .
990 2847 1181 2921 interrepere
1201 2850 1332 2908 animem
1349 2862 1445 2908 maen

326 2949 427 3022 coepi,
457 2963 498 3006 an
527 2963 604 3006 uera
631 2949 788 3022 uoluptate
810 2947 982 3020 fraudatas
1010 2963 1117 3008 esrae:
1146 2946 1241 3009 No'cte
1271 2944 1445 3024 soporiferd

326 3046 423 3109 aelati
445 3065 514 3108 eum
540 3047 656 3108 samnia
683 3045 803 3108 trident’
826 3065 897 3131 sqq.
930 3082 965 3092 -
1000 3054 1128 3116 c.132:
1165 3051 1261 3110 ‘Haec
1288 3055 1321 3109 ut
1347 3051 1446 3110 iratm

326 3151 434 3226 effudi,
460 3126 523 3209 ille
543 3149 605 3210 rolo'
624 3149 705 3222 fixds
727 3149 826 3212 ocules
848 3148 961 3211 aue'rsa
983 3150 1114 3212 tene'bat'
1133 3168 1203 3234 sqq.
1227 3183 1269 3194 -
1290 3146 1363 3210 Iam
1383 3145 1444 3230 igi-

327 3253 531 3312 tur'constat
551 3245 644 3310 illum
666 3247 848 3312 sententiae
870 3247 983 3311 finium
1005 3249 1236 3331 immemorem,
1258 3247 1446 3334 ubieunque

327 3369 397 3412 rem
423 3356 519 3434 putat
546 3349 693 3436 poeticae
727 3349 940 3435 descriptioni
973 3360 1085 3435 aptam
1118 3349 1194 3434 (hoc
1227 3349 1447 3414 animaduerti

327 3458 436 3534 potest
459 3449 494 3513 in
514 3448 565 3514 bis
587 3451 694 3516 tribus
718 3448 892 3538 exemplis)
914 3451 1075 3538 incipere,
1102 3452 1137 3515 in
1157 3474 1272 3516 uersus
1294 3451 1444 3516 transire.

327 3549 394 3615 Cur
422 3573 502 3617 uero
537 3553 674 3618 eandem
708 3552 891 3637 elegantem
918 3552 1060 3618 Varroni
1089 3552 1276 3619 libertatem
1309 3551 1446 3637 denege-

326 3653 428 3716 mus?
477 3653 563 3716 Nam
584 3652 666 3717 haec
694 3651 810 3718 saltem
832 3676 896 3719 non
918 3663 1028 3739 potest
1050 3677 1123 3719 esse
1151 3677 1274 3738 causa,
1303 3654 1391 3741 quod
1410 3654 1446 3716 in

326 3753 520 3837 fragmentis
544 3754 652 3819 sobrie
679 3755 886 3840 pertractatis
914 3754 1039 3821 nullum
1068 3765 1193 3820 certum
1219 3755 1288 3821 eius
1315 3755 1445 3842 generis

326 3863 572 3919 monumentum
594 3854 772 3942 reperitur,
802 3857 837 3920 in
865 3857 983 3944 quibus
1013 3856 1077 3922 duo
1106 3858 1236 3922 omnino
1264 3867 1341 3922 sunt
1362 3877 1446 3943 quae

325 3954 390 4020 hue
412 3956 576 4042 pertinent
593 3947 664 4021 Ὃν.
689 3950 763 4038 lde.
787 3957 874 4021 XVI
895 3967 928 4023 et
950 3957 1042 4044 Sesq.
1065 3958 1115 4040 Χ,
1144 3981 1283 4045 quorum
1310 3959 1446 4024 sanein

326 4067 442 4122 neutro
465 4058 636 4146 utriusque
659 4059 817 4124 sermonis
840 4069 951 4145 partes
975 4060 1139 4124 artissime
1161 4060 1353 4145 iunguntur.
1395 4059 1445 4124 Eo

326 4157 428 4242 igitur
449 4153 576 4224 inducit
597 4161 731 4225 Petroni
753 4161 964 4247 comparatio,
986 4171 1023 4226 ut
1045 4160 1133 4246 quod
1160 4161 1196 4224 in
1217 4162 1367 4227 Varrone
1388 4184 1446 4226 no·

326 4258 377 4322 bis
406 4260 538 4344 quidem
566 4283 632 4326 non
659 4271 827 4326 seruatum
859 4272 925 4340 est,
955 4263 1103 4348 potuisse
1136 4271 1247 4326 tamen
1281 4264 1311 4328 ei
1336 4263 1445 4327 inesse

327 4360 561 4444 concedamus3
591 4362 709 4428 suadet
740 4384 819 4428 uero
851 4362 913 4426 hoc
946 4385 1089 4449 quoque,
1123 4363 1212 4450 quod
1239 4365 1386 4430 Kochius
1413 4375 1447 4430 et
