3274 5296
680 445 808 505 CAPV'l
838 445 860 504 ll
1289 442 1331 511 65

208 603 409 674 adiectiuum
431 603 503 675 loco
526 605 666 675 aduerbi
686 610 776 676 ‘cite’
798 611 925 698 poesim
944 610 1067 698 ubique
1088 609 1262 698 significat,
1287 613 1331 679 ef.

209 711 313 798 Gyen.
335 711 363 776 I.
391 709 501 776 Parm.
524 711 569 776 II.
603 710 771 797 Vergilius
799 713 935 799 passim.
965 711 1059 779 Solus
1089 713 1225 778 Tacitus
1253 735 1329 779 ann.

208 811 280 877 XII
304 821 343 881 12
365 813 400 875 in
421 833 521 899 prosa
550 813 619 878 ‘citi
641 812 876 879 aduenissent’.
900 853 943 865 -
964 813 1096 879 Andab.
1119 813 1165 879 V:
1194 820 1329 897 ‘meant',

207 914 348 979 uerbum
368 913 476 999 poesis
505 914 674 1000 proprium
703 925 735 980 et
757 917 949 1000 posterioris
979 915 1141 1003 pedestris
1171 917 1328 982 sermonis

207 1014 294 1080 aeui.
317 1013 402 1080 Bim.
415 1013 464 1079 X:
489 1019 626 1082 ‘coortis’
649 1017 766 1082 turbae
788 1016 841 1082 uel
864 1016 1084 1084 multitudinis
1107 1017 1330 1103 cuiuscunque

206 1115 339 1181 notione
361 1117 506 1203 positum
529 1115 563 1179 in
584 1117 732 1202 pedestri
754 1141 902 1184 sermone
925 1141 998 1184 sero
1020 1126 1148 1184 tantum
1169 1118 1328 1202 occurrit3

208 1238 285 1280 narn
304 1217 390 1282 Bim.
412 1216 463 1282 VI
492 1217 532 1282 de
567 1217 648 1303 ipsis
676 1218 817 1284 militurn
850 1219 1039 1286 cohortibus
1074 1219 1329 1304 intellegendum

206 1318 349 1384 uidetur.
394 1317 534 1384 Accedit
557 1324 797 1403 ‘semimortua
820 1320 973 1387 Plautino
998 1321 1146 1409 exemplo
1171 1319 1271 1403 (Rud.
1293 1319 1329 1385 Π

206 1426 244 1501 2,
268 1420 301 1505 5)
325 1420 505 1507 poeticum.
533 1459 576 1472 -
602 1421 683 1487 ibid.
712 1419 816 1488 XIII:
852 1429 1026 1489 ‘tremescit'
1060 1445 1081 1488 a
1108 1423 1186 1488 solis
1221 1421 1327 1510 poetis

207 1519 390 1586 adhibetur.
420 1559 461 1572 -·-
491 1521 572 1587 ibid.
601 1522 717 1589 XVII:
759 1531 958 1606 ‘anticepate’
997 1524 1149 1592 absolute
1184 1524 1329 1612 positum

205 1620 382 1688 Lucretius
404 1622 506 1689 habet
527 1625 559 1688 V
580 1632 659 1708 6593
686 1627 765 1691 item
788 1627 876 1712 quod
898 1626 1045 1713 sequitur
1069 1632 1186 1691 ‘addite
1207 1629 1327 1692 colcar'

205 1723 371 1808 poeticum
393 1735 454 1807 est,
478 1723 521 1788 of.
537 1723 694 1790 Horatius
716 1727 853 1814 Epp.11
870 1739 900 1810 1,
917 1735 978 1798 217
1003 1727 1156 1814 (utroque
1179 1749 1328 1793 sermone

204 1830 315 1890 calcar
335 1831 498 1890 admouere
520 1824 656 1908 dicitur,
680 1827 723 1892 cf.
747 1829 838 1915 Sesq.
860 1829 939 1896 VII.
953 1829 1077 1896 ¹Cicero
1101 1851 1175 1916 epp.
1191 1830 1234 1895 ad
1256 1831 1326 1894 Att.

204 1925 254 1991 VI
277 1937 308 2007 1,
332 1927 382 2010 5),
410 1948 488 1990 nam
509 1926 631 1995 Plinios
661 1930 717 2017 qui
745 1929 826 1996 haec
854 1929 1001 2018 pedestri
1029 1953 1157 2017 quoque
1185 1931 1327 1997 sermoni

111 2099 119 2108 ⁸
203 2026 399 2110 immiscent,
421 2036 555 2114 propter
576 2053 731 2116 magnum
753 2032 956 2119 poeticarum
978 2031 1159 2097 dictionum
1173 2054 1326 2114 amorem,

204 2130 261 2214 qui
282 2127 415 2194 illorum
436 2151 517 2195 aeuo
540 2133 692 2216 uigebat,
721 2131 768 2196 nil
795 2133 829 2196 in
851 2134 913 2198 hac
933 2155 969 2198 re
999 2134 1109 2198 ualere
1132 2156 1233 2220 supra
1255 2133 1326 2198 dixi

205 2229 263 2314 (of.
278 2230 324 2296 H.
345 2231 385 2296 N.
410 2231 446 2295 Π
469 2240 539 2301 122.
563 2233 650 2320 Epp.
673 2234 750 2319 18).
774 2271 817 2282 -
839 2233 920 2301 ibid.
943 2234 1079 2300 XVIII:
1110 2239 1269 2315 ‘propere’
1294 2245 1327 2298 et

203 2334 389 2419 ‘properus'
412 2333 516 2400 uerbst
544 2341 620 2398 sunt
648 2335 782 2420 antiquo
811 2335 944 2421 quidem
973 2345 1119 2421 tempore
1141 2357 1229 2400 mere
1250 2358 1326 2422 poe-

202 2433 280 2498 tica.
306 2471 342 2482 —
369 2435 466 2521 Oapr.
490 2435 592 2522 proel.
609 2435 661 2502 II:
687 2441 889 2502 ‘mortalibus’
911 2459 972 2523 pro
992 2436 1178 2502 hominibus
1201 2435 1326 2502 dictum

203 2535 293 2625 quod
321 2535 505 2623 siquidem
533 2560 606 2602 cum
629 2538 814 2622 uocabulis,
839 2560 922 2625 quae
951 2549 1028 2604 sunt
1055 2535 1174 2619 ‘multi,
1203 2539 1324 2604 cuncti’

203 2636 400 2723 similiaque,
423 2638 583 2723 iungitur,
613 2640 801 2726 apedestri
829 2641 976 2706 oratione
1005 2663 1071 2706 non
1097 2639 1253 2706 abhorret
1281 2641 1325 2706 cf.

204 2735 332 2804 Gellius
356 2738 510 2821 xillae,
534 2740 593 2806 sed
616 2741 687 2806 sine
708 2741 769 2808 tali
790 2741 1012 2808 additamento
1035 2763 1168 2806 uersum
1189 2742 1324 2808 indicat.

202 2837 319 2925 Neque
340 2839 447 2906 Varro
468 2841 534 2904 nisi
554 2839 635 2908 locis
657 2843 823 2924 adhibuit,
847 2843 903 2929 qui
926 2842 1007 2908 elias
1036 2815 1163 2930 quoqsie
1185 2845 1227 2909 ob
1250 2866 1324 2910 cau·
1410 2909 1414 2918 ,

203 2963 257 3006 sas
280 2941 434 3007 uersibus
458 2941 697 3009 adnumerandi
721 2955 810 3012 sunt:
835 2945 883 3010 ite
904 2944 958 3010 hic
980 2945 1071 3011 loeus
1094 2943 1236 3031 copiosis
1260 2943 1323 3010 illis

204 3051 213 3078 ‘
216 3049 393 3124 premitque
422 3053 593 3110 communia
621 3052 750 3112 babere'
779 3047 871 3132 poesi
897 3047 1069 3128 tribuitur,
1098 3069 1131 3111 u.
1153 3047 1253 3113 infra.
1281 3083 1324 3094 -

204 3143 307 3231 Cyon.
329 3145 361 3210 1:
387 3150 571 3230 ‘properans
593 3155 682 3214 eitus’
704 3172 736 3214 u.
761 3147 805 3212 ad
826 3147 950 3234 Agath.
973 3146 1070 3212 VIII.
1093 3185 1136 3195 -
1156 3147 1288 3214 Desult.
1307 3147 1324 3212 I

190 3243 260 3330 (cf.
284 3270 317 3333 p.
341 3248 411 3335 61):
442 3252 587 3325 ‘seruere’
612 3250 642 3314 si
667 3249 754 3316 idem
778 3241 833 3314 ¹est
855 3249 943 3336 quod
972 3247 1141 3314 ‘refertum
1163 3256 1248 3313 esse'
1271 3248 1324 3314 uel

204 3345 255 3432 (ut
277 3347 398 3434 Sexag.
421 3348 488 3438 IX)
520 3350 566 3414 ‘in
588 3349 689 3416 multo
717 3343 781 3416 usu
802 3356 885 3415 esse'
909 3373 929 3414 a
951 3371 1050 3436 prosa
1077 3350 1225 3416 oratione
1247 3349 1323 3415 alie·

203 3471 290 3514 num.
306 3488 351 3498 -
365 3451 535 3517 Poeticum
551 3463 601 3517 est
623 3462 790 3533 ‘fluentum'
812 3450 893 3518 ibid.
910 3450 956 3515 II.
968 3487 1011 3498 -
1026 3440 1133 3514 Ἐκατ.
1149 3450 1200 3515 II:
1224 3457 1324 3515 ‘orma

203 3558 584 3632 marparitr'coodicantr'o’
606 3564 755 3620 uetustae
777 3574 912 3640 poeseos
928 3552 995 3617 ritu
1010 3550 1167 3617 effictum.
1187 3589 1222 3598 -
1240 3551 1323 3617 ibid.

203 3653 271 3718 III:
296 3659 439 3720 ‘laceret'
462 3677 522 3742 pro
545 3655 708 3741 tingeret,
731 3659 975 3742 conspergeret
999 3654 1131 3718 omnino
1146 3653 1322 3741 poeticum.
1403 3663 1406 3670 ’

203 3793 246 3806 --
266 3755 421 3843 Epitaph.
445 3757 476 3820 I:
503 3763 606 3823 ‘intus’
629 3779 687 3844 pro
712 3766 777 3822 ‘ex
798 3756 954 3821 interiore
982 3761 1087 3843 parte’
1110 3755 1164 3820 hio
1186 3765 1219 3821 et
1240 3755 1321 3820 Cras
1443 3753 1448 3766 '

203 3878 249 3924 cr.
263 3859 300 3923 II
322 3857 477 3922 Plautina
499 3857 653 3924 libertate
675 3858 777 3940 dixit,
807 3859 863 3944 qui
884 3858 965 3924 item
978 3912 980 3918 .
994 3857 1094 3923 ‘intus
1122 3857 1224 3923 foras’
1248 3879 1322 3922 con-

203 3959 311 4026 iunxit
334 3959 454 4047 Amph.
478 3960 513 4026 II
534 3969 569 4042 2,
601 3969 672 4032 138.
699 3959 821 4025 Bacch.
844 3961 861 4026 Ι
886 3972 922 4043 1,
946 3969 997 4030 62.
1028 3959 1083 4024 Sic
1106 3959 1204 4024 etiam
1228 3963 1321 4024 ‘eucl-

202 4065 357 4126 lauerunt’
380 4071 510 4148 praeter
536 4061 638 4127 Titin.
665 4085 698 4128 u.
721 4073 761 4133 77
788 4061 939 4146 ignotum
967 4071 1027 4126 est.
1056 4093 1100 4109 -·
1126 4060 1265 4124 Eumen.
1288 4059 1319 4124 I:

204 4169 424 4244 ‘caperratum’
447 4162 644 4230 uocabulum
670 4163 834 4251 poeticum
856 4185 929 4228 esse
957 4163 1028 4248 ipse
1050 4162 1156 4226 Varro
1180 4159 1220 4224 de
1242 4160 1321 4246 ling.

202 4261 258 4328 lat.
274 4265 343 4331 VII
366 4273 426 4335 107
451 4265 573 4350 apertis
597 4265 706 4331 uerbis
730 4264 904 4350 significat.
930 4301 964 4310 -
990 4262 1073 4328 ibid.
1096 4261 1146 4326 II:
1172 4267 1319 4328 ‘lurcare'

204 4374 236 4430 et
258 4371 369 4432 ‘lurco’
393 4367 590 4432 comicorum
613 4376 690 4432 sunt
718 4375 751 4432 et
771 4363 906 4448 Lucilii,
935 4364 1050 4429 unicus
1080 4385 1209 4450 quoque
1230 4364 1320 4431 locus
1448 4417 1450 4420 .

255 4467 344 4518 lliesc,
362 4467 465 4510 Varronis
479 4469 572 4510 Solitas.
1097 4477 1116 4536 5
