3274 5296
615 441 744 522 crpvr
774 441 784 498 r
1217 439 1260 506 43

145 602 317 670 Vahlenus
347 603 505 670 analectis
528 603 688 670 Nonianis
719 627 751 693 p.
776 617 795 678 9
824 608 985 673 esaturis
1014 609 1171 692 extrusit3
1203 631 1259 674 ex-

145 705 299 773 trudatur
325 706 425 772 etimn
447 704 600 790 Fulgenti
628 707 815 794 impostoris
844 709 950 792 fraus,
978 731 1043 797 qua
1065 715 1261 792 Mystapopos

145 807 305 874 Varronis
327 807 453 874 inuenit
480 807 729 896 fragmentoque
757 811 908 894 donauit,
945 811 1034 898 quod
1055 811 1260 878 Varroniano

146 909 277 974 dicendi
299 931 418 994 genere
439 901 574 996 prorsus
590 919 675 997 eget.
704 910 864 999 'Denique
886 919 1029 994 epistulas
1044 919 1188 980 Latinius
1208 913 1263 978 uel

145 1017 303 1092 epistulam
325 1016 484 1090 Latinam,
509 1009 591 1078 duos
613 1013 746 1078 minime
767 1012 869 1080 libros
892 1014 1152 1102 amplectentem,
1176 1015 1262 1102 quod

146 1135 226 1200 opus
250 1110 455 1178 Mercklinus
484 1113 730 1200 quaestionibus
753 1113 970 1182 Varronianis
998 1139 1030 1203 p.
1056 1125 1095 1188 13
1124 1125 1157 1182 et
1179 1139 1262 1184 mus.

145 1213 256 1301 philol.
273 1213 345 1280 XII
368 1222 429 1287 387
452 1215 571 1281 saturis
594 1215 783 1300 uindicauit,
806 1217 880 1286 nolo
905 1240 947 1284 ex
970 1219 1182 1305 epistularum
1205 1241 1263 1284 nu·

145 1338 235 1383 mero
253 1316 411 1398 eximere,
435 1338 509 1382 cum
532 1315 751 1404 fragmenta¹)
774 1329 807 1385 et
822 1318 1034 1386 allocutiones
1050 1329 1084 1386 et
1099 1319 1263 1386 scribendi

146 1440 247 1504 genus
269 1440 347 1482 uere
370 1416 546 1505 epistulare
569 1419 763 1504 ostendant,
792 1443 876 1508 quae
903 1431 1013 1488 tamen
1040 1421 1261 1510 inscriptionis

152 1521 194 1586 sit
216 1519 303 1585 ratic
328 1540 401 1584 cum
416 1519 615 1586 Bitschelius
638 1522 660 1586 l.
677 1544 705 1586 c.
721 1543 753 1609 p.
777 1530 839 1596 538
862 1545 931 1612 sqq.
956 1523 1104 1592 omnibus
1128 1509 1264 1610 diligen·
1329 1607 1337 1614 ·

146 1621 270 1687 tissime
292 1622 462 1710 perpensis
485 1621 628 1690 noluerit
651 1623 842 1708 decernere,
865 1647 925 1731 nps
948 1647 1092 1714 quoque,
1116 1647 1263 1712 praeser-

42 1781 43 1786 ,
146 1723 204 1788 tim
226 1745 302 1790 cum
323 1722 371 1787 nil
391 1723 494 1790 faciat
515 1724 597 1790 haec
612 1725 760 1812 quaestio
784 1725 911 1792 adrem
925 1737 1083 1812 nostram,
1106 1727 1140 1792 in
1154 1727 1262 1794 medio

145 1825 376 1912 relinquemus.

231 1926 303 1992 Iam
326 1935 500 2014 postquam
523 1937 653 1996 saturas
677 1931 883 2014 enumeraui,
907 1953 945 1998 eo
969 1930 1205 2016 transgrediar,
1228 1943 1265 1998 ut

147 2028 186 2094 de
207 2027 273 2092 illis
296 2028 546 2116 inscriptionum
574 2031 742 2119 partibus,
771 2055 854 2120 quae
884 2032 1046 2119 incipiunt
1073 2055 1155 2098 uoce
1178 2029 1264 2116 aspi,

147 2130 253 2196 dicam
276 2129 355 2216 quid
377 2132 527 2198 seutiam.
571 2133 631 2198 Eis
655 2133 740 2198 anim
762 2156 957 2221 quamquam
979 2134 1027 2199 ita
1045 2157 1124 2198 usus
1140 2156 1213 2200 sum
1228 2145 1265 2200 ut

147 2242 275 2298 saturas
299 2253 371 2298 esse
394 2233 550 2316 dicerem,
574 2234 691 2321 quibus
715 2235 808 2301 libris
833 2244 945 2300 essent
966 2235 1107 2318 inditae,
1130 2258 1195 2301 non
1218 2244 1265 2300 ta-

145 2356 218 2398 men
233 2335 275 2400 ab
291 2334 365 2421 ipso
380 2333 529 2400 Varrone
545 2335 708 2419 inuentus,
732 2337 792 2403 sed
815 2360 834 2402 a
848 2335 1039 2424 posterioris
1063 2338 1137 2402 aeui
1159 2359 1265 2420 gram

146 2435 265 2502 matico
293 2435 464 2522 impositas
494 2459 566 2502 esse
594 2448 684 2525 puto.
730 2439 805 2521 Qua
833 2439 874 2504 de
900 2460 935 2503 re
963 2460 1036 2502 cum
1065 2435 1129 2503 alio
1156 2436 1226 2504 loco
1234 2437 1260 2518 ²)

146 2538 330 2603 accuratius
361 2537 588 2624 disputaturus
618 2539 695 2623 sim,
727 2541 781 2606 hic
808 2549 937 2606 tantum
965 2539 1074 2626 capita
1102 2538 1264 2626 quaedam

146 2639 438 2726 argumentationis
454 2651 610 2728 repetam.
648 2642 874 2708 secundarum
890 2644 991 2727 igitur
1006 2641 1264 2728 inscriptionum,

147 2765 226 2828 quas
250 2742 285 2805 in
308 2742 444 2827 triginta
466 2753 624 2829 quattuor
645 2744 739 2810 libris
763 2745 785 2810 i.
810 2768 838 2812 e.
869 2746 904 2808 in
926 2744 1025 2810 tertia
1047 2743 1116 2810 lere
1140 2753 1265 2810 satura·

146 2866 216 2908 rum
239 2851 336 2930 parte
356 2841 508 2929 legimus,
532 2845 657 2910 Nonius
680 2847 715 2911 in
737 2848 842 2935 primo
865 2846 997 2934 quidem
1019 2855 1053 2912 et
1067 2845 1210 2912 secundo
1234 2855 1267 2910 et

147 2953 239 3010 sexto
271 2943 357 3011 libro
379 2947 557 3012 maximam
579 2957 706 3033 partem
728 2950 775 3014 ita
797 2971 817 3013 a
839 2947 959 3015 saturis
983 2947 1129 3034 singulas
1153 2946 1267 3012 inscri-
1357 2949 1360 2955 '

145 3048 274 3134 ptiones
297 3047 495 3114 habentibus
519 3050 721 3135 segregauit,
755 3061 792 3116 ut
820 3060 996 3138 appareat,
1027 3071 1045 3114 e
1068 3050 1197 3116 duobus
1220 3047 1267 3114 di·

145 3148 249 3215 uersis
273 3147 422 3215 fontibus
438 3171 512 3214 eum
528 3161 712 3217 saturarum
728 3151 771 3217 ad
791 3163 964 3239 utrumque
979 3173 1082 3237 genus
1105 3150 1268 3238 pertinen-

146 3250 225 3314 tium
247 3250 401 3316 notitiam
421 3251 585 3318 hausisse.
622 3255 801 3341 Praecipue
824 3264 934 3320 autem
951 3252 1028 3317 inde
1044 3251 1160 3334 elucet,
1184 3252 1266 3316 duas

146 3362 333 3418 saturarum
347 3352 445 3418 unius
460 3352 549 3419 tituli
564 3354 772 3422 collectiones
789 3356 818 3420 ei
835 3357 920 3442 (siue
936 3354 1061 3420 auctori
1077 3353 1162 3439 eius)
1175 3375 1266 3418 usur·

146 3463 239 3542 pates
256 3453 371 3538 fuisse,
395 3477 535 3542 quarum
549 3455 653 3522 altera
669 3457 817 3523 constitit
842 3458 888 3543 (et
902 3456 964 3522 hoc
980 3454 1111 3541 quidem
1126 3453 1267 3541 plurima

148 3611 351 3622 *—

232 3713 258 3780 1)
278 3713 510 3780 Fragmentorum
522 3713 579 3764 mie
599 3718 776 3780 conspectum
795 3713 875 3764 dabo.
912 3715 1016 3766 Nonius
1034 3729 1060 3781 p.
1080 3713 1142 3764 141:
1168 3713 1267 3764 ‘Varro

149 3797 270 3866 epistula
287 3797 391 3849 latina:
410 3801 434 3850 si
444 3800 559 3850 acuisses
573 3799 692 3864 Capuam,
712 3801 780 3866 qaod
791 3807 817 3850 et
832 3815 928 3865 pueros
945 3802 1052 3851 minutos
1070 3800 1142 3848 uides
1160 3797 1268 3848 libenter·

147 3889 172 3934 st
188 3885 292 3936 maiorm
310 3885 516 3936 animaduertere
535 3901 584 3938 noa
601 3886 660 3937 als’.
686 3911 716 3919 —
741 3884 817 3936 Idem
836 3901 861 3950 p.
880 3887 944 3936 419:
972 3885 1071 3934 ‘Varro
1090 3919 1096 3936 .
1117 3917 1122 3930 .
1142 3883 1268 3948 epistulis

148 3967 292 4020 Latinius:
310 3971 334 4020 si
346 3975 370 4019 te
388 3970 414 4020 ia
427 3968 569 4020 libertatem
580 3970 713 4020 uindicare
726 3986 776 4020 uon
793 3976 874 4034 potes,
891 3971 963 4034 seres
973 3969 1125 4034 fortunam'.
1144 3993 1177 4002 —
1190 3966 1267 4017 Idem

58 4040 65 4049 ’
148 4069 174 4119 p.
193 4056 254 4104 121:
279 4053 378 4104 ‘Varro
403 4053 524 4120 epistula
543 4053 633 4106 latina
650 4053 721 4106 libro
740 4055 780 4104 ll:
805 4071 870 4104 nunc
894 4055 921 4119 (I
940 4056 1013 4104 iuriae
1032 4051 1107 4115 libri)
1132 4067 1184 4102 cam
1208 4054 1268 4102 umi-

149 4153 231 4190 rorum
249 4141 335 4190 domus
351 4139 446 4204 sumat,
471 4137 617 4191 hilaresco&
641 4166 674 4175 —
697 4139 771 4189 Idem
790 4155 816 4204 p.
835 4139 898 4189 473:
924 4137 1022 4188 ‘Varro
1042 4133 1161 4202 epistula
1179 4135 1267 4186 latinu

151 4217 218 4273 libro
236 4223 277 4274 11:
297 4231 362 4274 tuam
381 4239 445 4287 opas
465 4239 535 4274 nemo
552 4225 651 4276 imitare
669 4227 773 4290 potcst’.

232 4305 261 4374 2)
291 4305 334 4358 cf.
369 4305 500 4372 Symbola
534 4308 630 4374 philol.
653 4307 694 4360 'in
729 4309 861 4360 honorem
896 4305 942 4358 Fr.
973 4305 1109 4357 Ritscheli
1144 4305 1265 4358 conlata.

154 4389 246 4444 fascic.
265 4393 301 4444 11.
