3326 5304
144 356 146 358 ⁵
247 368 250 372 ⁴
316 397 358 461 88
789 399 916 454 crrvr
945 399 967 454 u

316 566 382 628 iam
407 565 574 650 hucusque
597 585 635 627 eo
657 563 810 642 uidimus,
833 561 919 646 quod
941 563 1064 647 primus
1088 572 1173 645 erat,
1197 566 1253 649 qui
1275 542 1449 630 (itraecam'x

318 668 524 731 seueritatem
547 687 703 729 uersuum
732 665 945 729 iambieorum
962 672 1000 728 et
1021 663 1259 730 trochaicorum
1280 668 1368 752 parti
1388 668 1454 729 in·-¹

317 768 407 849 tulit,
441 789 621 852 uersusque
651 765 802 847 claudos,
835 766 973 847 ionicos‚
1005 766 1215 850 galliambos,
1249 768 1436 854 glyconeos,

318 868 572 950 choriambicos,
606 867 915 953 hendecasyllabos,
950 878 1107 952 quantum
1143 868 1276 950 scimus,
1313 869 1436 934 Romae

319 970 471 1054 excoluit,
496 979 681 1057 postremus
704 979 813 1033 autem
836 972 892 1055 qui
915 970 1155 1035 trochaicorum
1178 981 1210 1037 et
1224 971 1437 1037 iambicorum

317 1095 471 1138 uersuum
493 1080 526 1136 et
553 1073 746 1136 uarietatem
774 1077 811 1135 et'
828 1071 1045 1158 frequentiam
1067 1072 1267 1159 claudosque
1290 1083 1436 1159 septena-

316 1177 381 1240 rios
405 1186 437 1240 et
460 1181 535 1239 ante
558 1169 715 1238 Serenum
737 1172 987 1258 aristophaneos'
1005 1175 1039 1237 in
1062 1197 1124 1238 usu
1145 1174 1271 1240 habuit.

403 1277 500 1340 Hunc
522 1273 666 1339 medium
688 1274 796 1340 locum
818 1275 1000 1341 Varronem
1030 1276 1209 1359 qbtinuisse
1232 1272 1436 1366 ideisque-

318 1401 380 1464 que
402 1377 597 1456 uidebimus,
614 1397 695 1462 quas
719 1399 805 1440 nuno
827 1400 886 1463 per
901 1388 1047 1444 saturam
1067 1375 1312 1461 obseruationes
1336 1379 1376 1443 de
1399 1400 1436 1442 eo

317 1481 471 1546 metricas
494 1476 648 1565 pandam.
692 1477 832 1544 Omnino
863 1479 949 1543 enim
977 1479 1210 1565 antiquiorum
1224 1467 1368 1564 uch'tigia
1390 1503 1437 1544 se-

319 1583 430 1669 quitur
458 1581 492 1644 in
519 1579 734 1664 opprimenda
756 1603 771 1644 s
797 1579 907 1644 littera
935 1583 969 1645 in
993 1581 1118 1660 ,finibus
1151 1582 1328 1647 uerborum
1354 1582 1438 1647 inse-

319 1682 494 1770 quentibus
527 1681 792 1746 consonantibus.
843 1681 882 1746 Id
916 1682 1005 1769 quod
1036 1685 1071 1746 in
1103 1682 1309 1763 hexametro,
1339 1706 1438 1747 uersu

317 1785 449 1870 legibus
467 1783 590 1848 seueris
606 1773 802 1865 constructo,
827 1785 948 1868 optime
964 1785 1168 1868 obseruatur,
1184 1784 1243 1849 ubi
1265 1783 1438 1870 legendum

263 1921 265 1926 ·
319 1896 370 1952 est
390 1892 464 1952 eitu’
486 1891 579 1950 celsu’
603 1885 708 1971 (Ag.),
726 1889 831 1964 pectu’
856 1876 1019 1973 (tiraq),
1044 1892 1145 1951 diuiti’
1169 1885 1297 1971 (ibid),
1325 1897 1437 1952 morta-

318 1994 393 2053 libu'
419 1985 529 2072 (Capr.
553 1987 634 2074 pn),
657 1992 779 2051 bucinu'
804 1985 834 2071 (l
856 1986 951 2050 Eum.
975 1986 1128 2072 XVIII),
1150 1993 1312 2068 sumptibu'
1336 1997 1368 2053 et
1396 1995 1438 2052 le·

318 2095 407 2169 qibu’
430 2087 558 2173 (Mam),
584 2097 714 2166 maana*
738 2087 933 2174 (Marcop.),
953 2093 1074 2154 Enniu'
1099 2079 1214 2174 (’'Ov.).
1259 2089 1299 2154 In
1320 2085 1438 2155 iambis

320 2191 524 2257 trochaeisue
546 2189 628 2256 haee
651 2198 727 2254 sunt
749 2188 899 2276 exempla
925 2190 959 2254 in
987 2190 1105 2276 quibus
1127 2190 1255 2256 Graeca
1281 2191 1438 2256 seueritas

319 2293 510 2378 ceteroquin
533 2291 682 2357 adhibita
708 2291 843 2356 breuem
866 2290 1027 2378 syllabam
1055 2292 1280 2378 accipiendam
1301 2293 1439 2380 ideoque

319 2419 334 2462 s
356 2397 499 2461 litteram
522 2392 694 2458 delendam
714 2393 845 2458 suadet:
870 2397 991 2458 uocihu'
1016 2394 1158 2480 (Eum),
1182 2401 1262 2459 uoci'
1286 2402 1317 2459 et
1338 2401 1438 2474 pallu'

320 2489 442 2584 (On),
476 2499 581 2559 cerum
611 2495 774 2580 (Fraus),
808 2500 880 2575 opu'
912 2495 1081 2582 (Quinq.),
1110 2501 1240 2576 pauoni’
1272 2497 1440 2583 (Sexag.).

320 2599 374 2664 Sic
395 2597 480 2663 benc
494 2603 602 2660 matri’
626 2595 753 2682 (Eum.)
768 2599 803 2660 in
824 2596 1015 2682 galliamtm,
1038 2603 1196 2676 insiqnttu'
1221 2589 1322 2682 (Ἕχω
1338 2597 1390 2684 σε)
1405 2600 1440 2662 in

321 2701 455 2780 cretico,
484 2702 611 2762 nubihu'
635 2707 669 2762 et
683 2704 882 2764 uehementer
906 2697 1028 2785 (Sesq.)
1050 2701 1085 2763 in
1108 2699 1257 2781 sotadeo,
1280 2701 1440 2786 uniceque

320 2809 409 2865 recte
441 2807 565 2864 corner
596 2799 721 2887 (Eum.)
749 2801 784 2864 in
812 2800 987 2884 galliambo
1022 2801 1153 2888 legitur.
1209 2800 1302 2881 Quae
1332 2803 1441 2866 omnia
1552 2877 1557 2887 Ι

321 2925 395 2969 cum
415 2901 463 2966 ita
485 2901 658 2966 scribenda
686 2911 724 2966 ut
751 2901 1001 2987 pronuncianda
1030 2913 1106 2968 sunt
1133 2902 1378 2967 Lachmannum
1404 2904 1439 2967 in

320 3005 417 3070 Lucr.
449 3004 465 3066 I
494 3010 554 3074 186
578 3010 720 3068 'secutus
755 3013 788 3068 et
818 3003 1030 3069 utilissimum
1063 3013 1095 3069 ct
1122 3005 1340 3068 rectissimum
1373 3025 1439 3070 cre-

276 3154 283 3175 ,
322 3107 407 3187 dam,
430 3105 504 3170 nolo
528 3115 637 3170 tamen
659 3104 788 3190 longius
811 3105 895 3171 hanc
917 3106 1127 3171 nouationem
1149 3106 1326 3171 extendere
1343 3129 1441 3194 quam

320 3210 356 3272 in
377 3230 433 3274 eos
456 3206 545 3272 locos
567 3206 625 3271 ubi
641 3206 824 3272 Varronem
839 3208 947 3294 ipsum
970 3207 1053 3272 hanc
1072 3207 1215 3272 litteram
1230 3207 1441 3294 pronunciari

320 3308 465 3374 noluisse
486 3307 640 3373 metricae
662 3310 751 3394 leges
774 3332 909 3396 prorsus
931 3317 1055 3374 certum
1077 3308 1220 3374 reddunt
1230 3310 1267 3395 ¹).

407 3410 616 3497 Syllabarum
638 3420 746 3476 autem
773 3413 991 3498 quantitatem
1014 3411 1150 3476 eandem
1179 3413 1300 3498 ubique
1331 3413 1440 3478 obser-

322 3524 390 3594 uat,
414 3535 511 3599 quam
533 3520 649 3598 poetae
672 3515 878 3595 recentiores,
901 3515 966 3578 nisi
989 3513 1076 3600 quod
1100 3519 1308 3578 ‘Hannibalis'
1326 3512 1439 3598 (Here.

321 3625 345 3680 t.
368 3613 393 3678 f.
414 3613 446 3700 Ι)
469 3613 630 3699 producta
651 3615 853 3700 paenultima
874 3614 1061 3681 adhibendo
1084 3619 1237 3680 ‘Plautum
1259 3625 1289 3678 et
1310 3621 1439 3678 Ennium

321 3722 488 3794 multosque
510 3711 587 3780 ulios
609 3721 735 3780 ueteres'
759 3716 926 3803 sequitur,
939 3725 977 3781 ut
996 3715 1110 3780 Valeri
1133 3716 1232 3780 Probi
1255 3713 1342 3801 apud
1365 3713 1439 3778 Gel-

320 3816 400 3880 lium
422 3816 471 3881 IV
495 3827 513 3884 7
536 3817 647 3882 uerbis
677 3817 717 3880 de
738 3818 836 3882 huius
859 3817 984 3882 formae
1007 3816 1194 3882 auctoribus
1217 3824 1302 3879 utar.

407 3917 602 4004 Synineseos
630 3939 759 4004 quoque
788 3942 854 3984 non
881 3921 1038 3983 minorem
1066 3940 1162 4002 quam
1190 3917 1315 4002 priores
1343 3915 1440 3982 liber-

408 4174 434 4237 1)
453 4176 485 4224 In
503 4174 581 4224 libris
601 4179 693 4224 autem
711 4162 816 4226 nullim
836 4178 894 4227 eius
912 4175 1064 4240 scripturae
1078 4174 1271 4225 Varronianus
1290 4176 1440 4240 uestigium

324 4261 407 4315 extat,
426 4259 480 4308 nisi
499 4259 569 4328 forte
588 4266 630 4310 est
653 4259 721 4309 illud
745 4262 817 4324 quod
838 4261 922 4311 Nonii
942 4257 1177 4322 Guelferbytanus
1201 4276 1226 4324 p.
1246 4260 1263 4308 4
1282 4257 1343 4323 (Ag.
1363 4257 1439 4322 VIII)

323 4344 373 4391 citu
391 4343 480 4407 prima
499 4359 580 4394 manu
599 4344 720 4408 exhibet,
738 4362 751 4392 s
771 4347 805 4396 ab
825 4345 914 4396 altera
933 4345 1039 4395 demum
1059 4343 1176 4396 adiecta.
