3274 5296
663 405 794 462 GAPV'l'
825 406 834 461 l
1270 403 1310 466 19

190 586 242 652 bis
267 585 394 650 ‘tardor
414 585 571 650 refrenet’
595 606 634 650 ea
655 585 764 672 opinio
787 584 993 671 reprobatur.
1039 586 1146 667 Quam
1168 587 1310 653 refrena·

190 689 315 753 tionem
337 709 409 752 oum
431 687 487 774 qui
510 686 656 773 loquitur
678 687 720 753 ab
743 697 814 752 arte
835 709 990 752 uersuum
1013 688 1312 775 componendorum
1360 739 1362 746 .

191 790 256 855 sibi
280 789 429 854 adhiberi
452 789 551 871 dicat,
575 811 615 853 ea
637 809 734 874 quam
757 790 968 876 consequitur
987 789 1216 878 libertasque
1237 813 1310 878 pro-

190 880 277 957 fe'oto
306 913 372 955 non
402 891 468 955 iam
494 899 532 954 ut
558 889 653 954 tarde
686 890 745 956 sed
773 900 809 955 ut
842 901 973 956 strenue
990 883 1237 978 ¹progrediatur
1262 894 1311 956 uti

191 992 278 1075 uult,
307 992 342 1056 in
370 1013 407 1057 eo
437 1001 566 1057 tantum
593 993 773 1057 consistere
800 1002 929 1079 potest‚'
946 996 1023 1078 :non
1050 1004 1087 1059 ut
1113 993 1225 1058 itineri
1253 1017 1311 1059 suo

191 1095 290 1158 linem
314 1093 445 1159 omnino
466 1094 614 1180 imponat
636 1131 678 1142 —
700 1093 843 1160 tarderis
866 1095 954 1159 enim
974 1095 1223 1182 impedimenta,
1245 1118 1312 1162 non

192 1195 292 1260 eundi
316 1194 486 1261 molestiae
508 1195 538 1260 ei
561 1205 638 1260 sunt
664 1195 869 1262 incommodo
891 1235 934 1244 -
956 1196 1015 1262 sed
1037 1207 1074 1262 ut
1096 1195 1162 1262 alia
1183 1199 1312 1263 ratione

190 1299 213 1362 i.
237 1320 266 1361 e.
294 1296 449 1364 liberiore
478 1308 512 1364 et
543 1298 725 1384 copiosiore
759 1309 791 1364 et
824 1298 986 1364 uelociore
1019 1297 1119 1365 soluti
1152 1299 1311 1367 sermonis

191 1420 280 1463 more
309 1400 343 1462 in
369 1400 426 1463 uia
455 1421 515 1464 sua
548 1409 674 1485 pergat.
725 1399 852 1481 Quarto
881 1400 1020 1486 denique
1053 1399 1141 1484 loco,
1177 1402 1205 1466 si
1238 1401 1311 1487 quis

192 1500 495 1585 argumentationes
519 1499 562 1564 ad
578 1501 723 1566 Nonium
746 1511 932 1588 spectantes
956 1523 1066 1568 omnes
1089 1502 1187 1568 nimis
1210 1499 1311 1569 lubri-

192 1624 246 1666 cas
276 1624 349 1666 esse
379 1601 549 1688 opinatur,
578 1603 798 1688 fragmentum
826 1604 913 1690 quod
941 1602 1030 1690 apud
1052 1603 1198 1669 Gellium
1219 1612 1313 1669 extat

192 1704 327 1768 afferam
347 1701 369 1767 l.
394 1701 484 1767 XIII
506 1725 534 1768 c.
559 1715 615 1787 113
642 1704 677 1769 id
706 1704 795 1791 quod
822 1705 858 1768 in
886 1727 1001 1771 uersus
1028 1725 1088 1790 per
1114 1705 1312 1771 uiolentissi-

191 1827 261 1870 mas
290 1807 448 1871 tortiones
478 1815 648 1892 cogentem
676 1805 862 1892 Rocperum
887 1805 1001 1894 philol.
1024 1806 1147 1872 XVIII
1169 1814 1231 1878 439
1258 1830 1312 1872 ne-

192 1907 311 1972 minem
340 1917 429 1973 certo
457 1907 554 1973 credo
585 1909 820 1974 assentientem
847 1908 1036 1974 habiturum
1064 1931 1146 1974 esse.
1169 1947 1211 1956 —
1240 1910 1312 1975 Iam

191 2009 292 2095 igitur
316 2010 465 2074 extitisse
488 2032 621 2096 prosam
642 2011 678 2073 in
693 2011 814 2076 saturis
831 2010 1011 2077 orationem
1033 2033 1100 2076 non
1121 2010 1233 2075 fallaci
1255 2012 1311 2076 illo

192 2111 319 2176 aurium
342 2133 452 2194 sensu,
476 2113 534 2178 sed
557 2121 645 2176 certo
668 2134 707 2177 ac
729 2111 842 2178 stabili
863 2111 1082 2177 ratiocinandi
1097 2111 1220 2179 iudicio
1237 2135 1311 2178 con-

192 2213 295 2278 secuti
318 2235 443 2278 sumas.
487 2211 587 2279 Cuius
611 2235 685 2278 cum
706 2214 858 2280 uersibus
874 2214 1100 2280 confusionem
1114 2236 1218 2300 neque
1234 2213 1311 2279 solis

192 2315 296 2379 Varro
319 2315 441 2380 satrrris
465 2316 522 2380 sed
537 2315 791 2382 Hebdomadum
806 2337 933 2403 quoque
957 2315 1026 2380 siue
1049 2315 1091 2379 de
1112 2315 1312 2400 imaginibus

191 2415 283 2482 libris
307 2417 407 2482 simili
428 2418 586 2483 sermonis
610 2417 826 2484 alternatione
854 2418 1005 2483 adhibuit
1026 2439 1131 2504 neque
1152 2418 1223 2503 ipse
1246 2419 1311 2505 pri-

192 2539 262 2583 mus
285 2519 373 2585 inter
394 2519 559 2585 Romanos
582 2521 772 2607 usurpauit,
800 2543 873 2586 cum
895 2519 960 2586 iam
981 2521 1016 2583 in
1037 2520 1077 2584 L.
1100 2520 1172 2584 Atti
1195 2528 1311 2606 poetae

191 2621 309 2706 tragici
323 2622 543 2688 Didascalicis
558 2621 728 2709 proseriae
740 2631 848 2709 partes
871 2645 890 2686 a
912 2621 1106 2709 septenariis
1130 2631 1168 2687 ut
1180 2622 1313 2688 uidetur

191 2723 364 2790 trochaicis
388 2724 614 2811 exciperentur
637 2725 781 2811 (quade
803 2747 838 2789 re
861 2723 924 2790 alio
947 2747 1026 2791 mox
1039 2723 1110 2790 loco
1126 2726 1311 2791 accuratius

192 2826 319 2914 agam);
352 2847 458 2912 neque
481 2827 550 2890 eius
574 2827 622 2891 rei
648 2827 869 2892 imitatoribus
898 2827 1075 2892 destitutus
1103 2827 1176 2894 fuit.
1221 2829 1312 2894 Inter
1411 2857 1414 2864 ·

192 2950 272 3015 quos
296 2927 475 3014 Senecae¹)
491 2930 622 3016 quidem
637 2929 857 3014 Martianique
878 2927 970 2994 libris
983 2939 1142 3012 saturae,
1165 2929 1312 2993 Petronii

192 3031 366 3096 satirarum
380 3030 611 3117 inscriptiones
626 3031 749 3095 inditae
765 3039 857 3114 sunt3
872 3030 1063 3117 Menippeas
1079 3041 1190 3096 tamen
1201 3053 1312 3098 eorum

192 3144 320 3199 saturas
336 3143 373 3199 ut
388 3131 588 3219 appellemus
611 3133 657 3197 nil
674 3133 805 3199 omnino
822 3131 965 3214 inducit,
989 3134 1186 3220 quamquam
1201 3134 1241 3199 de
1256 3133 1311 3200 Se-

192 3256 291 3299 necae
303 3226 635 3298 transmeavisse
650 3235 774 3322 primus
783 3235 931 3320 Scaliger
946 3257 1017 3300 eam
1030 3224 1227 3301 scitantiam
1237 3257 1311 3322 pro-

191 3336 276 3421 tulit,
294 3359 390 3424 quem
405 3347 438 3404 et
453 3337 510 3402 alii
518 3337 544 3422 ²)
561 3346 593 3402 et
607 3359 712 3424 nuper
726 3359 930 3423 magnacum
945 3335 1081 3401 fidentia
1092 3334 1311 3402 Buechelerus

260 3595 289 3662 1)
306 3597 397 3647 Huius
416 3601 549 3660 saturam,
569 3613 651 3662 quam
669 3596 763 3646 multis
781 3594 869 3646 modis
887 3595 1070 3646 Varronianis
1089 3595 1206 3646 similem
1224 3595 1311 3648 fuisse

190 3681 378 3734 Buechelerus
397 3681 416 3732 l.
435 3699 458 3734 o.
477 3697 503 3750 p.
521 3684 571 3733 419
590 3697 651 3747 sqq.
670 3681 803 3745 ostendit,
828 3681 979 3731 carminum
1002 3681 1153 3731 iniectione
1178 3684 1312 3747 composi·
1400 3735 1404 3742 .

191 3771 248 3818 tarn
267 3767 302 3818 ad
319 3767 453 3820 Varronis
471 3782 578 3832 quoque
598 3765 713 3818 eandem
732 3766 901 3831 probandam
920 3765 1035 3817 adhibet
1051 3766 1196 3818 rationem.
1233 3765 1312 3828 Quod

193 3856 384 3919 argumentum
406 3867 468 3903 cum
492 3868 541 3918 per
565 3869 595 3904 sc
617 3851 704 3902 solum
728 3867 783 3902 non
804 3851 886 3902 nimis
908 3849 1012 3902 firmum
1034 3853 1071 3902 sit
1094 3877 1124 3886 -
1150 3848 1216 3913 quid
1238 3850 1311 3899 enim
1351 3885 1356 3894 ,

191 3942 301 3990 uetaret
320 3937 455 3989 Senecam
473 3937 526 3988 hoc
544 3952 631 4002 genus
653 3937 699 3988 uel
723 3937 779 3986 sibi
804 3937 982 4002 excogitasse
1005 3934 1051 3986 nel
1070 3936 1105 3986 ab
1129 3937 1225 4000 ignoto
1244 3947 1311 3997 quo·

191 4022 262 4074 libet
280 4025 416 4089 scriptore
440 4023 608 4088 sumpsisse?
627 4049 658 4058 -
682 4037 743 4072 oum
767 4021 831 4071 aliis
855 4025 947 4072 tamen
971 4036 1041 4084 quae
1066 4034 1150 4085 supra
1172 4019 1229 4067 iam
1249 4033 1310 4084 pro-

191 4108 273 4173 posui
290 4123 342 4159 ncc
360 4109 453 4174 inepte
472 4123 524 4158 nec
542 4107 690 4158 inutiliter·
699 4110 885 4171 componetur.

259 4192 287 4256 2)
305 4193 403 4258 Lipsio
426 4207 535 4257 quoque
558 4191 587 4241 id
611 4191 739 4257 Scaliger
760 4190 870 4240 uidetur
887 4190 1075 4256 persuasisse,
1102 4189 1179 4238 cuius
1198 4186 1311 4252 ‘Satyra

191 4275 375 4342 Menippaea’
399 4278 552 4341 Somnium,
583 4292 638 4342 qua
662 4276 821 4327 criticorum
844 4274 1045 4340 peruersitates
1074 4272 1251 4338 perstringit,
1276 4272 1310 4322 ad

150 4401 153 4408 .
193 4351 317 4412 'Senecae
337 4363 479 4428 exemplar
496 4367 556 4412 tota
575 4363 703 4412 instituta
722 4364 774 4412 est.

1063 4441 1108 4504 2*
