3326 5304
707 459 740 515 ll.
766 457 904 516 renutu
927 455 1087 514 VARRONIS

770 630 859 698 EllC
889 629 1014 697 [IOTE

776 737 878 825 [Περὶ
899 730 1012 823 αἱρῶν]

853 861 872 925 1
895 843 965 946 (u

422 964 519 1027 Vitae
542 985 673 1028 cursum
694 970 731 1026 ut
753 983 947 1048 cognoscere
970 983 1100 1048 possem
1123 968 1156 1024 et
1177 981 1262 1045 quae
1286 959 1454 1024 seruitutis

339 1075 372 1130 et
392 1063 554 1130 libertatis
575 1066 619 1130 ab
642 1064 769 1150 origine
791 1065 835 1128 ad
857 1063 1011 1128 exodium
1033 1061 1196 1127 adductae
1221 1099 1270 1124 -.

423 1285 499 1351 Ndn
519 1307 617 1372 posse
639 1287 750 1351 dstrea
772 1287 807 1349 se
829 1178 952 1350 diuidi
974 1283 1131 1380 praebere
1152 1291 1185 1347 et
1207 1280 1348 1346 echinos.

743 1485 1051 1552 FLAXTABVLA

743 1585 844 1674 [Περὶ
869 1585 1049 1672 ἐπαρχιῶν]

854 1707 942 1793 1(1)

423 1813 534 1893 Quid?
557 1822 594 1877 tu
615 1834 682 1877 non
697 1810 795 1875 'uides
817 1810 852 1874 in
874 1808 992 1891 uineis,
1015 1809 1103 1896 quod
1124 1809 1189 1873 tria
1209 1808 1287 1896 pala
1300 1809 1455 1890 habeant,

301 1935 320 1993 5
338 1915 474 2002 tripales
497 1912 586 1979 dici?

841 2030 879 2097 ΙΙ
901 2031 949 2117 (2)

421 2133 518 2199 Multi
542 2135 645 2216 enim,
669 2133 725 2220 qui
747 2132 861 2198 limina
881 2133 1046 2198 intrarunt
1072 2134 1208 2218 integris
1232 2132 1351 2214 oculis,
1374 2142 1454 2197 stra·

337 2238 438 2302 bones
468 2246 545 2301 sunt
579 2235 677 2300 facti:
713 2235 813 2300 habet
844 2234 1000 2322 quiddam
1033 2236 1120 2300 enim
1152 2231 1350 2300 ἑλκυστικόν
1381 2257 1454 2322 pro-

337 2336 489 2404 uincialis
512 2336 716 2404 formonsula
737 2359 832 2402 uxor.

406 2562 479 2613 ΕΩΟ
499 2561 601 2612 ΠΟΤΕ
624 2558 719 2628 [περὶ
738 2551 856 2626 siquis}
893 2562 1056 2626 ‘Quousque
1074 2561 1202 2612 tandem'
1225 2561 1296 2613 libro
1315 2561 1348 2612 de
1367 2551 1455 2624 ὥραις

337 2633 355 2682 i.
377 2648 399 2681 e.
420 2631 453 2681 de
472 2631 642 2696 temporibus
660 2645 714 2680 non
732 2631 826 2696 inepte
844 2631 1019 2691 inscribitur;
1042 2631 1132 2695 possis
1151 2634 1245 2680 autem
1265 2629 1348 2679 etiam
1367 2630 1456 2695 suspi-

339 2699 398 2748 cari
417 2697 501 2761 (quod
520 2698 621 2748 Aldina
640 2697 735 2760 hahet)
752 2695 819 2760 περὶ
838 2687 926 2761 ὅρων,
951 2699 984 2748 de
1010 2698 1123 2760 linibus3
1150 2697 1183 2747 de
1207 2698 1306 2762 quibus
1326 2697 1455 2762 Chrysip·

337 2782 402 2831 pus,
422 2765 576 2830 Sphaerus,
600 2766 707 2828 Strato,
731 2765 939 2830 Theophrastus
962 2767 1142 2831 scripserunt.
1200 2767 1214 2816 I
1237 2765 1342 2815 Nonius
1364 2767 1405 2816 27.
1425 2768 1456 2816 14

338 2833 517 2884 ‘Exodium
541 2838 584 2884 est
605 2832 682 2894 finis,
706 2849 723 2884 a
746 2849 849 2899 graeco
873 2838 1007 2888 tractum.
1027 2834 1109 2898 quasi
1132 2828 1185 2896 ἔξω
1208 2831 1259 2899 τῆς
1283 2833 1402 2896 (εκζης
1419 2834 1454 2893 L)

335 2899 409 2953 odori
426 2900 454 2950 id
473 2905 517 2952 est
535 2906 613 2952 extra
631 2902 713 2952 uiam.
750 2902 837 2952 Varro
855 2928 889 2937 —
908 2893 1068 2961 Idem‘litcs
1085 2893 1154 2954 πότε
1174 2900 1337 2966 (Eospote
1356 2901 1454 2964 HLW)

337 2967 403 3032 περὶ
422 2961 579 3032 ὡρῶν..)
633 2970 661 3018 II
679 2970 784 3020 Nonius
803 2971 865 3031 216,
885 2973 901 3020 3
921 2970 1114 3020 ‘Ostrea—
1132 2995 1165 3004 -
1184 2969 1285 3020 neutri.
1327 2969 1455 3019 Lucilius

337 3064 370 3073 -
388 3038 475 3087 Varro
486 3025 558 3096 Ἕως
576 3027 645 3088 πότε
665 3036 827 3102 (Eospote
845 3039 918 3101 LW)
938 3036 1002 3100 περὶ
1021 3027 1099 3100 ὡρῶν
1113 3079 1118 3090 .
1132 3076 1139 3096 ,
1154 3042 1172 3090 .’

405 3121 654 3172 FLAXTABULA
680 3118 755 3186 [περὶ
774 3114 926 3187 ἐπαρχιῶν]
947 3123 1093 3193 Inscriptio
1112 3136 1222 3187 prorsus
1241 3123 1348 3183 iocosa,
1373 3136 1457 3186 quam

339 3190 480 3256 explicare
498 3205 552 3238 nec
571 3190 688 3254 contigit
709 3189 759 3238 ulli
781 3206 870 3254 neque
893 3205 1020 3254 umquam
1045 3192 1195 3255 continget.
1222 3187 1274 3241 -Cf,
1294 3189 1402 3240 Plinius
1419 3190 1455 3240 H.

336 3259 369 3308 N.
388 3257 476 3323 praef.
496 3259 529 3308 24
548 3257 752 3324 ‘inscriptionis
771 3258 844 3323 apud
861 3257 984 3309 Graecos
1002 3260 1072 3308 mire
1090 3259 1252 3308 felicitas..
1271 3258 1364 3308 Nostri
1381 3273 1456 3324 gros-

337 3327 441 3389 siores,
465 3324 681 3389 Antiquitatum,
711 3324 905 3391 Exemplorum
927 3325 1088 3391 Artiumque
1113 3325 1277 3376 facetissimi
1373 3325 1456 3392 paulo
1526 3347 1529 3358 ·

267 3405 269 3408 ·
337 3395 427 3444 minus
446 3393 551 3444 adserit
569 3393 657 3443 Varro
680 3395 709 3444 in
727 3394 821 3443 satiris
840 3394 897 3443 suis
916 3392 1086 3444 Sesculixem
1111 3399 1139 3444 ct
1156 3393 1345 3445 Flextahula.’
1381 3394 1456 3443 Nee

337 3462 503 3526 fragmentis
522 3460 630 3526 quidem
654 3462 803 3526 quidquam
827 3461 903 3511 effici
926 3467 1020 3526 potest
1058 3460 1258 3512 ‘Flaxtabulis’
1277 3462 1381 3512 Nonius
1398 3461 1455 3527 ple-

338 3545 463 3594 rumque,
484 3528 668 3588 ‘Flaxebulis’
687 3547 713 3595 p.
733 3532 774 3592 27,
800 3528 994 3580 ‘Flexabulus'
1014 3532 1036 3580 B
1059 3547 1084 3595 p.
1103 3531 1167 3594 458,
1187 3529 1377 3582 ‘Fleutabula’
1400 3529 1455 3579 Pli-

337 3599 400 3648 nius
422 3597 441 3650 l.
461 3613 484 3646 e.
511 3595 593 3662 (quod
612 3598 743 3662 probauit
764 3597 871 3662 Iunius)
897 3598 1016 3648 exhibet.
1074 3599 1208 3649 INonius
1227 3599 1289 3655 219,
1310 3599 1342 3648 15
1365 3596 1457 3646 ‘Pali

338 3681 439 3730 genere
464 3665 604 3717 feminino.
644 3666 742 3716 Neutri
765 3665 853 3715 Varro
876 3664 1054 3716 Flaxtabulis
1082 3662 1148 3730 usqi
1171 3657 1315 3732 ἐπαρχίαν
1339 3664 1457 3729 (εναρ-

339 3749 421 3798 χιον
443 3734 466 3782 L
491 3747 662 3798 επαρχιον
685 3732 731 3796 W)
756 3770 762 3782 .
784 3768 815 3784 ..
872 3733 901 3784 ΙΙ
926 3735 1030 3784 Nonius
1048 3737 1095 3796 27,
1120 3737 1133 3784 1
1162 3733 1367 3785 ‘Strabones
1394 3738 1458 3784 sunt

339 3801 455 3851 strambi
474 3815 541 3863 quos
559 3816 633 3850 nunc
644 3801 768 3851 dicimus.
793 3802 881 3853 Varro
894 3802 1057 3854 Flaxabulis
1075 3800 1142 3865 περὶ
1155 3793 1299 3868 ἐπαρχίαν
1318 3801 1458 3865 (asnap-

339 4047 351 4097 1
376 4044 434 4100 uite
449 4043 483 4100 Η
487 4043 526 4099 W
544 4051 641 4118 etque
658 4042 689 4098 H
709 4061 796 4118 aeque
812 4043 952 4101 chleras
966 4035 981 4123 ΙΙ
1034 4047 1050 4098 3
1072 4044 1165 4098 ecinos
1180 4041 1248 4098 tW
1266 4042 1378 4099 echinos
1393 4043 1456 4098 edd.

339 4129 550 4185 Hexametrum
568 4129 707 4185 oehlerus
723 4132 841 4202 uqnouit
854 4122 869 4208 ΙΙ
910 4131 977 4184 tiu
991 4129 1080 4184 niueis
1101 4127 1187 4182 Wm.
1192 4143 1242 4198 pr.
1258 4117 1271 4204 ΙΙ
1308 4127 1457 4200 5tripsles

339 4216 404 4271 edd.
429 4214 552 4288 tripalles
568 4214 641 4269 LW.
656 4215 794 4270 Fortasse
817 4215 904 4279 uides,
921 4215 992 4270 uites
1007 4215 1035 4269 in
1051 4209 1140 4269 uin'eis
1155 4203 1169 4291 ΙΙ
1185 4217 1200 4265 7
1251 4210 1386 4284 quoddam
1403 4210 1457 4267 Ρα-

319 4299 422 4354 ·risin.
438 4302 505 4353 7667
525 4290 540 4378 Ιχ
560 4288 735 4355 ἑλκυστικόν
759 4299 909 4356 Turnebus
930 4300 997 4354 adu.
1020 4298 1087 4354 xm
1121 4297 1312 4371 helquestioon
1334 4297 1372 4351 W
1401 4297 1458 4353 hel·

341 4384 479 4472 quisticon
492 4383 546 4439 HL
562 4375 678 4465 Parisii
709 4387 726 4437 8
743 4383 910 4450 formonsula
925 4384 997 4446 b'hri.
1022 4381 1064 4459 Cf.
1079 4381 1208 4458 Seab'qer
1223 4382 1308 4443 catat,
1321 4382 1331 4438 l
1339 4399 1370 4455 p.
1379 4386 1430 4440 326
1443 4376 1455 4462 Η
