3274 5296
358 479 401 543 50
831 483 960 538 CAPVT
990 485 1001 538 l

359 656 429 711 erat
444 654 559 732 poetae
575 653 706 708 uetusto
723 643 813 709 loeus
829 644 974 709 relictus.
1012 645 1085 710 Hoc
1101 645 1187 710 clare
1203 653 1282 732 puto
1299 645 1475 711 ostendunt

358 747 566 834 Propertius,
590 745 745 828 Ouidius,
769 733 904 829 Seneca,
928 747 983 833 qui
1004 747 1062 813 ubi
1085 747 1269 812 Varronem
1285 745 1474 828 Atacinum,

357 859 491 936 poetam
505 849 648 915 Varroni
671 858 779 914 aetate
802 849 988 935 subparem,
1012 849 1069 914 sed
1091 850 1139 914 ita
1154 848 1337 934 elegantem
1350 859 1388 914 ut
1403 871 1476 913 cum

359 951 479 1016 Ouidio
509 950 748 1037 comparandus
773 950 832 1032 sit,
850 951 1048 1034 nominant,
1077 953 1262 1017 ‘Varronis’
1286 949 1476 1038 simpliciter

358 1053 490 1118 nomine
512 1053 702 1137 designant3
738 1074 804 1117 non
833 1053 919 1116 enim
941 1053 1008 1116 iam
1031 1053 1213 1118 cauendum
1241 1052 1287 1117 eis
1318 1063 1406 1135 erat,
1434 1074 1475 1116 ne

358 1156 430 1243 quis
446 1155 622 1220 Reatinum
637 1152 721 1219 falso
736 1152 957 1239 intellegeret,
981 1177 1078 1240 quem
1099 1177 1194 1220 nemo
1209 1154 1316 1238 nouit3
1340 1155 1383 1221 cf.
1398 1154 1475 1219 Pro·

358 1258 482 1344 pentius
506 1257 542 1321 Π
565 1265 615 1337 34,
640 1265 691 1327 85.
727 1254 867 1322 Ouidius
891 1277 992 1321 amor.
1008 1258 1026 1321 Ι
1042 1268 1092 1340 15,
1111 1266 1160 1326 21.
1186 1279 1238 1321 ars
1256 1278 1318 1322 66.
1333 1256 1388 1321 III
1404 1265 1473 1328 335.

359 1360 484 1424 Seneca
507 1366 609 1424 contr.
633 1357 718 1422 XVI
741 1367 824 1422 extr.
832 1359 858 1444 ¹)
904 1357 1097 1439 Quodnam
1124 1360 1172 1423 116
1200 1359 1259 1442 611,
1289 1358 1379 1445 apud
1400 1357 1476 1423 Vel-

359 1460 458 1524 leium
481 1482 610 1546 quoque
634 1459 684 1544 (II
707 1460 780 1545 36),
804 1460 860 1544 qui
882 1482 964 1525 aeuo
988 1459 1202 1525 Ciceroniana
1226 1459 1306 1524 dicit
1327 1459 1475 1526 floruisse

359 1568 512 1628 ‘auctores
534 1567 701 1626 carminum
731 1567 901 1626 Varronem
923 1584 961 1627 ac
981 1568 1154 1628 Lucretium
1175 1568 1410 1642 6666661116-
1423 1569 1479 1646 rat-¹

357 1685 461 1728 aorem
489 1667 638 1727 Catullum
646 1669 669 1744 ²,
699 1661 738 1726 de
768 1664 908 1728 Atacino
936 1663 1145 1749 cogitandum
1168 1664 1331 1750 suspicor3
1366 1686 1475 1749 quam-

358 1788 473 1853 quam,
498 1786 571 1828 cum
593 1761 788 1829 alterutrum
809 1765 992 1830 Varronem
1019 1789 1154 1854 prorsus
1184 1767 1226 1832 ab
1248 1764 1304 1830 illo
1333 1773 1475 1851 praeter·

359 1868 496 1932 missum
518 1889 590 1930 6666
612 1889 678 1931 666
700 1865 840 1930 fortasse
868 1867 1040 1954 probabile
1063 1869 1120 1950 611,
1156 1865 1307 1954 equidem
1335 1889 1400 1932 non
1427 1889 1475 1931 re-

358 1969 513 2055 pugnabo
543 1967 571 2031 si
601 1969 673 2054 quis
701 1989 729 2032 m
757 1967 868 2033 littera
896 1969 931 2032 in
957 1974 1009 2044 [11
1036 1978 1164 2034 mutata
1191 1975 1367 2034 ‘Varronec
1389 1975 1474 2034 duos’

358 2070 534 2155 legendum
568 2069 753 2134 contendet.
763 2069 787 2155 ²)
843 2070 883 2134 In
910 2071 1066 2135 iudicium
1099 2071 1198 2136 etiam
1230 2071 1398 2136 necandus
1427 2079 1477 2134 est

358 2172 477 2236 Florus
501 2170 621 2236 Horati
643 2173 787 2254 amicus,
816 2172 856 2236 de
885 2195 949 2260 quo
972 2172 1155 2259 Porphyrio
1178 2173 1213 2236 in
1234 2173 1318 2238 Hor.
1341 2174 1435 2260 epist.
1458 2172 1477 2237 I

359 2283 398 2356 3,
423 2285 439 2342 1
470 2279 668 2338 <1161116666
691 2278 952 2350 suttsuturarum
982 2267 1130 2355 scriptor,
1158 2281 1244 2339 cutus
1267 2279 1338 2340 suat
1362 2281 1477 2339 electae

359 2383 525 2454 (sublectae
547 2375 762 2441 Oasaubonus
791 2375 812 2440 l.
836 2399 864 2442 c.
886 2401 918 2464 p.
942 2385 1014 2447 230.
1060 2384 1156 2442 electa
1178 2376 1378 2442 Ritschelius
1402 2376 1423 2440 l.
1447 2398 1475 2440 c.

357 2501 389 2564 p.
414 2479 490 2564 493)
514 2499 554 2542 ea
577 2482 674 2542 Ennio
697 2483 815 2542 Lucilio
843 2485 984 2543 Varrone
1004 2484 1159 2557 saturac,’
1189 2501 1285 2564 quem
1306 2477 1476 2564 Roeperus

357 2578 472 2664 philol.
495 2577 619 2643 XVIII
640 2602 672 2665 p.
696 2587 769 2662 426,
792 2602 963 2666 perperam
985 2579 1185 2662 incredulae,
1208 2579 1371 2644 Hadriani
1394 2601 1476 2644 6666

356 2680 485 2744 tribuit.
529 2680 614 2751 Nam
635 2680 695 2746 hos
718 2691 784 2745 tres
808 2683 999 2768 scriptume,
1033 2682 1091 2768 qui
1118 2682 1187 2746 fere
1216 2682 1289 2768 pari
1312 2680 1476 2748 obliuione

357 2791 435 2845 1666
469 2781 624 2866 temporis
659 2780 826 2866 (nimirum
859 2782 917 2847 diu
949 2794 1123 2870 postquam
1155 2792 1282 2847 saturas
1315 2784 1475 2849 Horatius

358 2880 503 2968 scripsit)
532 2883 782 2968 premebantur,
811 2884 930 2950 Horati
952 2885 1087 2967 amicus,
1110 2907 1307 2972 quamquam
1328 2908 1395 2951 non
1416 2887 1478 2970 pro'

359 2983 491 3070 optimis
515 3005 570 3048 666
592 2984 748 3051 babuisse
771 2987 935 3072 putandus
960 2997 1025 3069 est,
1049 2997 1159 3052 16666
1181 2986 1419 3073 quadamtenus
1441 2986 1477 3050 in

358 3085 515 3150 memoria
541 3108 674 3150 manere
705 3110 762 3152 cur
789 3111 854 3152 non
882 3099 994 3175 potest
1015 3088 1183 3154 uoluisse?
1227 3089 1346 3154 Parem
1367 3100 1477 3153 autem

359 3197 480 3252 sortem
502 3187 562 3252 bos
585 3197 652 3253 tres
677 3211 793 3276 passos
817 3213 888 3256 esse
913 3215 985 3256 cum
1009 3199 1172 3278 oporteat,
1201 3213 1266 3254 non
1289 3201 1399 3255 tamen
1422 3190 1475 3254 de-

359 3313 455 3355 cerno
470 3299 582 3355 utrum
597 3291 754 3356 Reatinus
771 3292 899 3357 aFloro
916 3317 957 3358 an
971 3293 1129 3357 Atacinus
1145 3302 1309 3357 tractatus
1327 3293 1383 3375 sit;
1401 3313 1477 3356 nam

358 3393 457 3457 etiam
478 3392 630 3475 Atacini,
665 3394 833 3479 scriptoris
857 3404 935 3458 tunc
957 3394 1179 3479 Argonautica
1209 3393 1358 3458 carmine·
1374 3395 1476 3460 notis·

358 3495 449 3576 simi,
479 3503 610 3559 saturae
639 3505 750 3560 tamen
777 3496 923 3582 iniquam
951 3519 1028 3561 mox
1051 3505 1172 3560 sortem
1194 3504 1311 3560 nactae
1333 3518 1406 3560 6666
1427 3497 1476 3560 ui-

359 3595 487 3659 dentur.
518 3595 635 3660 Vtrum
658 3597 758 3681 igitur
779 3597 841 3661 hae
864 3621 907 3661 an
921 3597 1116 3684 Menippeae
1138 3621 1180 3661 an
1194 3597 1326 3662 Reatini
1350 3599 1475 3662 ‘satira-

356 3719 429 3760 rum
443 3695 519 3762 libri
535 3696 594 3760 IV'
618 3696 715 3763 Floro
733 3698 824 3763 cordi
847 3699 970 3764 fuerint
986 3701 1058 3787 quis
1076 3699 1248 3765 decernet?
1281 3700 1476 3786 Menippeae

358 3847 560 3856 ...η-φ..-

444 3922 468 3985 1)
488 3920 599 3970 Seruius
622 3935 689 3972 sane
714 3926 742 3971 et
758 3922 881 3973 Isidorus
905 3925 990 3974 allam
1013 3924 1047 3974 ob
1072 3939 1185 3976 causam
1204 3924 1350 3974 Atacinum
1374 3941 1474 3990 eogno-

358 4007 429 4056 16166
454 4023 471 4056 6
488 4007 608 4056 Reatino
632 4006 803 4074 distinguere
828 4009 1132 4072 omiserunt‚0scilicet
1156 4009 1228 4073 quod
1251 4008 1318 4060 duos
1336 4009 1476 4062 Varronec

357 4092 446 4142 fulsse
464 4091 494 4140 hi
511 4091 665 4156 mag1stelli
683 4109 717 4142 ne
738 4099 930 4158 compererant
948 4094 1066 4159 quidem.

442 4175 469 4241 2)
487 4176 551 4227 Noli
569 4180 662 4227 autem
680 4178 753 4228 hunc
765 4177 855 4229 locum
869 4195 928 4230 cum
942 4178 1107 4240 Quintiliani
1119 4180 1316 4245 Lactantiique
1329 4182 1476 4232 sententiis

358 4277 536 4327 componere,
560 4260 594 4311 de
617 4263 714 4326 quibus
732 4281 759 4328 p.
779 4265 811 4314 16
834 4263 904 4328 dixi3
932 4264 1034 4314 inillis
1055 4265 1127 4314 enim
1144 4280 1241 4315 uersus
1260 4265 1306 4329 qui
1325 4265 1477 4316 afferuntur

358 4360 419 4394 eum
441 4345 475 4394 de
499 4346 638 4411 sapientia
662 4351 733 4411 sint,
757 4348 792 4398 ad
810 4349 987 4414 Menippeum
1013 4375 1047 4385 —
1075 4348 1123 4400 sed
1147 4349 1216 4415 dixi,
1242 4365 1296 4415 qua
1315 4351 1424 4402 ratione
1442 4378 1475 4388 -

357 4428 590 4493 referendi'sunt3
608 4436 703 4483 nostro
722 4436 813 4482 autem
832 4432 893 4484 loco
912 4434 1058 4484 ‘carminat
1078 4433 1243 4502 simpliciter
1260 4435 1419 4491 laudantur.
