3274 5296
654 457 782 514 CAPVT
812 457 822 513 1
1275 451 1295 516 3

175 621 292 686 ultima
314 620 394 684 eius
428 619 531 686 uerba
562 618 749 686 ostendunt.
805 619 888 686 Mihi
921 621 956 684 in
982 619 1047 684 illis
1075 619 1296 710 ipsisv‘etiam

175 723 278 809 prius'
302 721 508 810 corruptelae
532 722 624 786 sedes
648 743 720 787 esse
748 722 895 804 uidetur,
919 743 1017 808 quam
1040 721 1224 790 certissimo
1247 745 1295 788 re-

175 823 283 890 medio
307 845 358 888 me
380 845 714 910 sanare-quamquam
738 823 904 889 affirmare
927 847 993 888 non
1015 823 1131 908 audeo,
1153 824 1296 912 aliquam

175 935 285 1000 tamur
318 925 558 1042 probabilitatis
598 926 740 1012 speciem
772 925 894 992 habere
926 937 1023 1013 puto,
1063 937 1101 990 ut
1135 927 1296 992 scribatur

176 1029 287 1093 etiam
310 1028 449 1092 uerius
473 1027 594 1091 satirae
616 1039 781 1112 genusot
808 1051 873 1092 non
896 1027 967 1092 sola
988 1026 1166 1114 carminum
1189 1030 1294 1110 uarie·
1347 1095 1360 1110 ,

175 1139 244 1194 tate
266 1129 434 1218 mixtum’3
459 1126 603 1192 alludere
627 1128 713 1192 enim
729 1103 970 1210 Quintilianum
992 1129 1035 1193 ad
1050 1139 1181 1194 saturae
1202 1134 1295 1196 uocis

177 1207 471 1297 definitionem't
422 1254 456 1294 ιιι
458 1240 508 1295 ter
529 1254 570 1296 ue
573 1240 657 1296 teres
680 1231 746 1295 iam
770 1230 986 1316 diuulgatam,
1010 1254 1076 1318 qua
1099 1229 1141 1295 ad
1163 1241 1295 1296 saturae

175 1332 279 1397 lancis
302 1331 450 1419 legisque
473 1331 587 1396 similit
588 1332 721 1396 udinem
742 1331 805 1396 hoc
820 1331 1049 1419 principalem
1066 1343 1179 1398 satura
1196 1333 1295 1398 duxe-

303 1443 340 1497 ut
375 1433 509 1498 diuersa
541 1432 588 1499 ibi
623 1434 838 1500 miscerentur
870 1433 1061 1521 uultumque
1094 1435 1167 1522 ipsa
1199 1458 1296 1523 quam

176 1535 319 1602 maxime
333 1536 462 1599 uarium
478 1545 511 1600 et
533 1535 746 1621 multiplicem
768 1535 980 1624 praeberet.¹)
1012 1536 1110 1617 Quod
1131 1537 1296 1625 quomodo

177 1639 212 1702 in
234 1637 397 1702 Varronis
421 1637 541 1702 saturis
570 1637 675 1723 magis
703 1636 803 1702 etiam
831 1646 928 1724 atque
954 1639 989 1702 in
1017 1636 1149 1724 reliquis
1172 1639 1296 1704 factum

178 1742 229 1821 sit,
252 1761 331 1804 mox
356 1736 542 1804 declarabo.
586 1738 711 1803 Verum
739 1747 815 1805 utut
842 1738 882 1804 de
910 1741 971 1804 hac
998 1739 1187 1804 coniectura
1214 1739 1296 1804 iudi-

178 1841 320 1906 candum
342 1849 407 1922 est,
437 1839 554 1905 saltem
576 1839 671 1904 Fabii
698 1839 800 1906 uerba
822 1839 932 1927 qualia
954 1839 1108 1925 leguntur
1135 1863 1201 1906 non
1222 1863 1296 1906 con-

178 1945 286 2008 cinere
308 1942 438 2008 ostendi
461 1951 494 2006 et
515 1943 696 2007 mutatione
719 1965 800 2028 opus
823 1965 911 2025 esse3
934 1965 1039 2028 neque
1061 1941 1241 2030 quidquem
1256 1979 1298 1992 -

178 2045 213 2109 id
240 2043 330 2131 quod
356 2043 418 2108 hae
447 2039 668 2130 disputatione
698 2043 864 2109 declarare
892 2043 982 2109 uolui
1007 2083 1050 2094 ·-
1078 2029 1167 2132 apud
1195 2044 1296 2126 Quin·

177 2147 328 2213 tilianum
350 2144 455 2210 auxili
477 2145 624 2210 inuenire
646 2155 755 2231 potest
776 2169 815 2210 ea
837 2145 1002 2232 opinatio,
1026 2169 1091 2232 qua
1112 2146 1298 2211 Ennianam

180 2247 486 2332 Varronianamque
509 2255 656 2312 saturam
678 2247 712 2312 in
734 2269 832 2310 unam
855 2247 927 2332 quis
951 2247 1153 2313 confundere
1175 2245 1266 2314 uelit.

241 2350 346 2416 Porro
370 2347 593 2430 Quintilianus
617 2349 775 2414 Varronis
798 2371 901 2434 genus
924 2354 1003 2414 ‘non
1025 2347 1096 2412 sola
1117 2348 1299 2414 carminum

180 2452 339 2517 uarietate
367 2450 519 2514 mixtum'
550 2449 653 2514 fuisse
682 2449 772 2514 dicit.
824 2450 897 2530 Quo
930 2449 966 2514 in
997 2449 1069 2517 loco
1103 2449 1298 2536 explicando

179 2554 298 2620 mirum
326 2562 485 2640 quantum
510 2550 656 2616 uirorum
686 2551 856 2617 doctorum
885 2551 1066 2616 sententiae
1100 2549 1298 2638 discrepant.

181 2656 388 2742 Quamquam
415 2651 512 2718 aliter
538 2653 595 2716 uix
623 2653 729 2739 potuit
757 2653 903 2736 euenire,
931 2653 989 2719 ubi
1011 2675 1076 2719 non
1104 2675 1146 2717 ex
1170 2654 1299 2735 Quinti·

181 2757 258 2821 liani
285 2756 395 2822 uerbis
424 2755 483 2820 sed
507 2777 524 2818 e
551 2754 712 2821 Varronis
740 2753 885 2842 reliquiis
913 2753 1019 2819 lucem
1044 2755 1297 2842 requisiuerunt,

181 2859 419 2924 sententiarum
441 2855 531 2944 apud
545 2857 654 2943 ipsum
677 2858 870 2942 scriptorem
893 2877 1057 2922 conexum
1078 2856 1298 2943 neglegentes.

180 2963 245 3028 Via
267 2961 353 3025 enim
376 2983 415 3026 ac
434 2959 560 3024 ratione
582 2957 835 3045 procedentibus
859 2958 906 3023 ita
928 2958 1165 3034 exordiendum
1187 2971 1246 3038 est,
1263 2968 1300 3024 ut

180 3087 256 3128 cum
285 3062 409 3128 Fabius
443 3061 506 3127 hoc
539 3070 696 3148 tanquam
732 3060 860 3145 signum
892 3070 1067 3147 notamque
1100 3060 1301 3127 Varroniani

179 3164 308 3250 generis
332 3163 494 3250 posuerit,
525 3183 600 3226 non
623 3160 710 3226 sola
739 3183 811 3226 esse
833 3149 1013 3226 carminum
1034 3162 1195 3228 uarietate
1217 3164 1299 3228 mix-

180 3276 263 3348 tum,
285 3263 472 3330 necessario
495 3264 572 3328 inde
596 3264 749 3350 consequi
771 3263 923 3346 uideant,
952 3274 990 3329 ut
1017 3261 1154 3329 alterum
1176 3262 1258 3328 illud
1281 3285 1301 3326 a

180 3365 309 3433 Lucilio
332 3364 469 3452 aliisque
492 3362 617 3429 cultum
639 3387 752 3450 genus,
771 3363 941 3452 quodiam
964 3375 1040 3429 ante
1056 3364 1299 3429 Varronianum

182 3467 383 3554 descriptum
412 3477 479 3547 est,
510 3464 597 3531 sola
624 3467 806 3531 carminum
827 3465 986 3530 uarietate
1015 3465 1116 3530 fuerit
1142 3466 1300 3551 composi-

181 3580 261 3636 tum.
300 3569 399 3650 Quod
421 3591 464 3632 an
486 3579 518 3633 et
541 3567 702 3654 quomodo
724 3567 849 3632 factum
872 3567 914 3631 sit
936 3575 972 3631 ut
999 3567 1102 3653 probe
1124 3567 1301 3653 perspicia-

181 3681 253 3754 tur,
281 3669 455 3735 Luciliana
482 3669 624 3756 primum
651 3679 764 3733 satura
790 3668 903 3755 paucis
932 3667 1149 3735 describenda
1176 3678 1242 3752 est3
1271 3668 1300 3732 ei

181 3784 292 3839 tamen
303 3773 366 3860 ipsi
377 3794 441 3836 non
456 3772 503 3836 rei
519 3771 714 3836 necessitate
726 3771 921 3836 constrictus
938 3767 997 3834 sed
1012 3768 1155 3857 quadarn
1169 3767 1302 3834 licentia

182 3875 368 3962 expatians,
385 3895 459 3938 cum
473 3872 667 3938 Diomedem
683 3873 747 3936 iam
763 3871 803 3936 de
819 3894 858 3936 ea
874 3872 1086 3937 disserentem
1101 3869 1300 3950 induxerim,

184 3977 225 4041 de
241 3975 394 4040 Enniana
409 3996 536 4062 quoque
552 3984 666 4039 satura.
680 3971 822 4059 paucula
837 3995 920 4058 quae
935 3973 1056 4037 scimus
1079 3970 1300 4058 praemittam.

184 4115 389 4126 --..-.-..--—-

254 4216 280 4282 1)
299 4215 423 4266 Eandem
447 4216 610 4265 sententiam
636 4217 797 4264 consecutus
822 4215 865 4263 est
888 4210 1064 4277 Spaldinglus
1086 4209 1121 4260 ad
1144 4209 1170 4262 h.
1189 4209 1208 4261 l.
1227 4213 1302 4262 coni-

182 4301 279 4352 ciendo
299 4299 468 4366 ‘proprium',
489 4299 538 4349 sed
561 4298 587 4348 id
606 4301 634 4348 et
656 4301 745 4364 ipsum
764 4295 901 4346 alitteris
923 4295 1014 4344 minus
1038 4293 1254 4360 commendatur,
1274 4301 1303 4346 et

183 4386 248 4436 uoci
267 4385 375 4434 ‘otiam'
395 4384 483 4434 locum
502 4382 605 4433 nullum
623 4383 763 4446 relinquit.

1058 4466 1100 4528 1*
1250 4503 1259 4529 ι
