3274 5296
283 437 288 447 ·
344 401 385 466 32
824 407 982 464 CAPVTI

344 592 482 656 quorum
505 569 691 653 fragmenta
712 569 859 656 prosario
883 591 1032 636 sermone
1055 592 1127 634 esse
1152 543 1335 656 composita
1357 570 1461 636 altero

344 673 451 758 capite
464 670 646 757 apparebit,
660 694 679 735 a
691 670 1000 757 pseudotragoediis
1018 672 1216 757 segregandi
1233 681 1323 756 sunt;
1336 672 1459 738 Pseud-

344 795 462 836 aeneas
485 795 565 838 uero
587 772 730 859 perbene
752 773 875 858 poterit
896 773 982 838 inter
1010 772 1082 837 illas
1105 773 1223 836 referri
1252 771 1474 860 (quamquam

343 875 390 936 nil
406 875 535 938 omnino
551 875 615 939 hoc
629 897 686 939 nos
703 876 811 940 facere
834 875 968 962 cogit).
1005 875 1117 940 Possis
1133 875 1192 939 hos
1209 897 1337 961 quoque
1359 873 1461 941 libros

345 975 482 1041 addere:
507 976 683 1041 Armorum
706 976 873 1059 iudicium,
897 977 1087 1041 Pacuuiano
1105 977 1308 1062 Attianoque
1330 979 1460 1042 nomine

343 1076 551 1162 insignitum,
581 1071 675 1142 cuius¹
702 1079 767 1144 duo
796 1078 982 1164 fragmenta
1008 1076 1274 1165 philosophorum
1297 1080 1462 1165 quandam

344 1181 550 1261 λογομαχίαν
578 1180 798 1245 describentia
824 1181 953 1266 poetica
981 1188 1073 1263 sunt3
1102 1180 1317 1263 Λογομαχίαν
1344 1182 1461 1267 ipsam,

344 1302 428 1366 quae
455 1281 663 1346 Homericam
695 1285 906 1364 τειχομαχίαν
940 1292 972 1347 01
1004 1283 1190 1364 &eupraxiae
1223 1292 1265 1347 et·
1285 1281 1403 1346 similia
1428 1283 1462 1344 in

343 1393 485 1448 mentem
512 1384 662 1469 uocat¹);
692 1382 905 1448 Aethrionem
928 1383 1087 1465 fortasse,
1111 1383 1316 1448 Caecilianae
1339 1406 1461 1450 comoe-

345 1483 419 1548 diae
441 1485 571 1549 nomine
586 1508 715 1572 parem3
740 1484 880 1573 denique
896 1485 1111 1568 (1010011100,
1135 1509 1204 1550 rem
1220 1486 1269 1550 dis
1285 1485 1461 1550 irridendis

344 1586 547 1671 aptissimam
580 1587 822 1670 tractantem2).
873 1586 992 1652 Omnia
1020 1597 1129 1652 autem
1162 1611 1245 1675 quae
1277 1587 1463 1673 fragmenta

344 1687 511 1752 continent
525 1689 675 1774 prosarie
698 1711 717 1753 a
732 1689 1036 1776 pseudotragoediis
1053 1689 1252 1755 remouenda
1268 1690 1363 1755 duco.
1397 1689 1462 1755 Sed

343 1788 425 1852 haec
448 1811 522 1853 cum
543 1789 679 1854 nimium
702 1790 768 1855 sint
789 1790 932 1873 lubrica,
961 1813 1027 1856 non
1048 1801 1085 1856 ut
1112 1815 1208 1879 spero
1231 1791 1460 1880 reprehendar,

344 1891 430 1977 quod
445 1890 508 1956 hoc
524 1891 653 1978 quidem
670 1891 740 1959 loco
756 1893 838 1958 haec
854 1893 1005 1976 disserui,
1029 1895 1216 1979 fragmenta
1231 1904 1341 1959 autem
1356 1917 1374 1958 e
1388 1893 1461 1958 reli-

344 2015 482 2078 quorum
505 2016 638 2059 numero
662 1995 805 2060 eximere
821 2018 1030 2081 seorsumque
1044 2019 1167 2084 ponere
1182 2019 1246 2062 non
1263 2017 1362 2060 ausus
1378 2018 1460 2060 sum.

429 2095 579 2160 Tandem
602 2096 645 2160 ad
666 2095 932 2180 logistoricorum
948 2120 1086 2184 —quos
1110 2097 1182 2184 ipse
1204 2097 1311 2163 Varro
1334 2099 1461 2184 graecis

343 2194 461 2261 litteris
484 2194 738 2282 λογιστορικούς
761 2199 884 2265 dixisse
911 2201 1055 2282 uidetur,
1086 2222 1170 2286 quae
1197 2199 1329 2286 quidem
1357 2199 1462 2266 forma

280 2356 282 2360 ,
343 2298 378 2360 10
407 2299 558 2384 catalogo
581 2299 839 2388 Hieronymiano
869 2312 977 2383 extat,
1011 2309 1166 2388 excerpto
1194 2301 1251 2366 illc
1282 2301 1462 2366 secundum

343 2399 560 2466 Ritschelium
587 2427 671 2468 mus.
699 2402 813 2490 philol.
836 2403 887 2468 VI
911 2415 971 2475 549
995 2427 1064 2490 sqq.
1099 2426 1142 2468 ex
1169 2403 1330 2468 Varronis
1357 2404 1460 2490 ipsius

344 2503 473 2589 scriptis
491 2543 527 2552 —
545 2506 752 2590 peruenimus
774 2505 876 2571 libros
892 2505 1054 2587 LXXVI,
1078 2528 1158 2591 quos
1175 2505 1371 2572 Ritschelius
1393 2505 1461 2572 ind.

344 2603 442 2669 schol.
465 2605 592 2670 hibern.
616 2607 722 2671 Bonn.
747 2617 828 2678 1845
851 2608 981 2692 egregie
1003 2605 1192 2672 illustrauit.
1236 2609 1290 2672 De
1312 2608 1358 2672 eis
1381 2607 1462 2672 haec

343 2707 412 2769 fere
428 2705 567 2770 dicenda
582 2718 667 2772 sunt.
701 2709 847 2773 Primum
863 2710 1047 2794 quicunque
1069 2709 1153 2775 liber
1168 2722 1257 2775 certo
1279 2707 1462 2795 logistorici

342 2807 473 2872 nomine
499 2807 670 2892 laudatur,
700 2810 828 2876 duobus
858 2822 907 2877 est
935 2810 1038 2876 titulis
1066 2812 1260 2896 insignitus3
1293 2810 1335 2875 cf.
1359 2814 1460 2876 Catus

344 2917 401 2972 aut
423 2908 464 2973 de
486 2907 599 2975 liberis·
622 2911 802 2976 educandis
826 2911 967 2999 (Gellius
983 2915 1033 2979 IV
1049 2915 1119 2999 19);
1143 2913 1287 2978 Messala
1310 2914 1351 2979 de
1373 2913 1459 2980 vale·

429 3082 453 3146 1)
475 3084 645 3148 Quamquam
665 3069 846 3151 Σκιομᾱχίας
864 3102 969 3152 qnoque
983 3087 1119 3144 admonet,
1140 3103 1218 3152 quam
1239 3085 1402 3154 fragmenta
1413 3103 1459 3152 pe·

346 3167 432 3218 destri
450 3171 551 3234 partim
570 3171 694 3220 oratione
715 3171 873 3236 conscripta
893 3172 994 3221 saturis
1012 3171 1164 3223 uindicaui.

345 3273 347 3276 ·
428 3256 454 3316 2)
474 3254 515 3304 Ne
534 3255 606 3303 enim
628 3255 700 3305 hunc
724 3255 825 3306 librum
848 3257 913 3320 quia
935 3261 943 3286 ‘
950 3257 1078 3306 Varronis
1096 3257 1231 3321 Menippei
1238 3263 1245 3286 '
1270 3259 1304 3306 ab
1323 3257 1460 3321 Eutychio

343 3336 464 3401 affertur,
485 3339 558 3388 inter
576 3342 687 3390 saturas
699 3340 862 3406 Menippeas
881 3356 941 3390 cnm
956 3340 1076 3398 00111010
1095 3358 1120 3406 p.
1133 3343 1166 3392 48
1184 3357 1328 3392 numerare
1347 3357 1460 3392 necesse

341 3429 423 3488 putes
442 3423 478 3475 cf.
491 3423 651 3474 Krahnerus
669 3424 703 3475 de
721 3426 799 3476 Varr.
819 3425 917 3490 philos.
936 3443 961 3490 p.
977 3429 1001 3476 9.
1032 3426 1104 3476 Sane
1123 3425 1244 3476 locorum
1263 3427 1361 3491 quibus
1373 3427 1460 3476 Varro

343 3507 501 3572 appellatur
518 3509 682 3574 Menippeas
706 3507 786 3575 (qnos
803 3527 830 3575 p.
848 3513 865 3560 8
884 3510 1057 3575 enumeraui)
1076 3511 1200 3576 plerique
1220 3512 1254 3561 ad
1272 3517 1381 3562 saturas
1400 3528 1460 3576 spe·

343 3600 435 3654 01000
458 3592 506 3642 scd
524 3593 629 3644 Probus
653 3598 745 3644 tamen
768 3595 802 3644 de
820 3596 1039 3660 Antiquitatibus
1059 3602 1086 3646 01
1103 3595 1280 3660 Symmachus
1298 3595 1331 3646 de
1350 3596 1461 3646 Hebdo-

342 3677 468 3726 madibus
490 3677 635 3741 loqueutes
656 3679 750 3729 itidem
773 3680 949 3746 Menippeum
974 3681 1125 3746 appellant.
1161 3681 1233 3742 Quid
1257 3681 1340 3732 etiam
1363 3682 1459 3731 mirum

343 3766 394 3825 est,
414 3761 438 3810 si
455 3761 579 3812 homines
596 3763 674 3812 illum
693 3767 723 3812 ut
742 3764 894 3814 aVarrone
913 3765 1031 3816 Atacino
1050 3765 1262 3831 distinguerent,
1281 3781 1334 3816 000
1347 3767 1461 3816 Reatini

342 3846 429 3896 solum
448 3863 541 3896 uerum
562 3849 646 3897 etiam
659 3846 800 3914 Menippei
819 3850 928 3900 nomine
942 3851 1162 3918 insigniuerunt‘?
1193 3851 1285 3912 Quare
1303 3867 1393 3917 neque
1411 3867 1459 3902 ne·

343 3933 462 3981 cessario
475 3932 584 3982 Hertzii
602 3933 693 3998 opinio
713 3949 794 3998 quarn
812 3935 880 3984 mihi
899 3937 1111 3986 communicauit
1130 3935 1323 4002 amplectenda
1342 3939 1393 3999 est,
1414 3937 1460 4001 qui

341 4017 483 4066 Diomedis
500 4018 588 4067 uerba
606 4033 632 4081 p.
651 4020 713 4082 371,
739 4021 772 4069 23
789 4019 823 4068 Κ.
843 4019 876 4069 de
897 4021 1138 4086 coniugationibus
1162 4026 1231 4071 ‘sant
1248 4025 1311 4071 enlm
1330 4023 1460 4072 evidenter

343 4105 463 4166 eaposita
487 4098 525 4168 [01
544 4103 643 4152 Lucilio
662 4101 747 4168 addit]
770 4111 796 4154 et
817 4107 931 4156 Varroni
949 4105 1103 4170 Menippeo’
1123 4105 1157 4155 dc
1176 4112 1271 4157 satura
1290 4107 1383 4173 aliqua
1402 4122 1458 4157 rem

342 4187 553 4248 grammaticam
576 4192 713 4238 tractante
736 4189 889 4255 intellegit;
921 4204 1085 4254 quamquam
1107 4190 1196 4240 ualde.
1210 4193 1278 4241 mihi
1301 4192 1373 4242 hanc
1397 4208 1458 4242 sen-

343 4273 459 4319 tentiam
482 4271 593 4334 placere
618 4272 763 4337 confiteor,
792 4275 832 4324 ita
855 4281 885 4324 ut
903 4275 948 4324 uel
963 4277 1043 4336 ,10101
1066 4275 1224 4341 fragmenta
1242 4279 1350 4328 incerta
1369 4277 1458 4328 locum

340 4370 501 4419 receperim.
