3326 5304
317 425 358 490 86
787 428 913 484 carvr
944 429 966 508 u

318 595 486 674 aestimat,
520 591 605 658 male
632 601 739 657 utens.
795 591 858 657 His
890 591 1044 658 uersibus
1077 590 1309 656 Lachmannus
1337 591 1437 655 etiam

318 695 446 761 addidit
458 687 550 758 ’Ἀλλ
574 678 644 758 οὗτ.
664 685 734 776 ‘Hp
757 693 791 776 I,
820 694 877 780 qui
903 703 955 759 est
987 695 1142 759 sotadeus
1168 693 1258 758 nulla
1285 693 1435 758 emenda-

319 800 409 864 tione
439 806 549 882 ege'ns,
573 806 607 862 et
628 795 739 862 ruso.
764 811 794 860 o.
816 797 883 862 VII
906 818 1003 882 quem
1029 795 1138 860 locum
1164 806 1299 882 propter
1327 796 1436 860 uicina

319 900 507 986 anapaestis
531 899 717 965 describere
739 897 849 978 malui,
874 898 927 962 hic
949 919 1079 984 quoque
1102 897 1149 962 nil
1170 908 1325 963 mutans·

404 1001 655 1069 Galliambos
679 1002 779 1066 etiam
801 1002 908 1068 Varro
932 1003 1000 1094 suis
1022 1001 1102 1067 locis
1124 1004 1262 1068 inseruit
1283 1001 1386 1086 Cyon.
1408 1002 1436 1066 Ι.

318 1105 415 1168 Eum.
443 1104 581 1168 XXXV
609 1126 656 1190 sq.
694 1103 832 1190 Marcip.
860 1103 959 1188 XVI3
998 1104 1032 1167 in
1064 1105 1182 1192 quibus
1216 1104 1305 1190 quod
1337 1103 1439 1169 semel

236 1257 238 1261 s
319 1206 500 1272 clausulam
528 1206 666 1272 adhibui
692 1205 851 1271 librorum
885 1205 1010 1270 scilicet
1039 1206 1172 1272 lectioni
1206 1207 1437 1292 obtemperans

320 1311 448 1374 ‘incidat
469 1314 525 1374 tibi
542 1307 547 1395 Ι
564 1310 669 1389 pellit
693 1330 771 1372 sane
794 1307 912 1372 admisi
935 1307 1024 1394 quod
1038 1331 1200 1394 nusquam
1219 1318 1390 1395 praeterea
1403 1309 1438 1372 ni

319 1409 417 1475 fallor
438 1409 577 1495 legitur,
605 1419 643 1475 ut
665 1410 793 1476 duabus
822 1407 959 1496 syllabis
988 1408 1094 1494 longis
1123 1419 1250 1475 constet
1277 1433 1336 1498 pes
1364 1409 1438 1474 ulti-

319 1536 402 1577 mus.
448 1511 515 1578 Sed
536 1512 564 1576 si
586 1533 746 1578 memores
770 1533 894 1593 sumus,
916 1510 1014 1576 huius
1036 1511 1142 1598 pedis,
1166 1513 1232 1598 qui,
1257 1512 1284 1576 si
1306 1511 1438 1598 quidem

319 1613 481 1679 anaclasis
517 1613 610 1678 deest
641 1612 729 1700 quod
760 1635 826 1678 non
858 1633 931 1678 raro
964 1613 1019 1696 fit,
1050 1612 1137 1678 hanc
1168 1613 1269 1680 habet
1300 1613 1439 1677 formam

320 1749 339 1768 υ
356 1749 374 1768 υ
390 1715 429 1798 9,
454 1713 598 1802 syllabas
623 1715 706 1780 duas
728 1715 855 1800 priores
880 1713 1046 1779 Catullum
1068 1737 1097 1780 c.
1112 1723 1164 1797 63,
1189 1724 1228 1785 1’3
1249 1715 1285 1778 in
1305 1714 1438 1799 longam

322 1817 531 1882 contrahere:
556 1819 712 1882 ‘dominae'
731 1837 814 1897 orlaa
833 1816 998 1903 'pectere’
1024 1815 1136 1904 (quam
1149 1816 1309 1883 librorum
1330 1816 1437 1881 lectio-

321 1941 396 2009 nem
417 1918 566 1983 mutandi
588 1929 721 2006 propter
740 1917 936 1984 sententiam
959 1913 1079 1982 causas
1095 1917 1202 1983 nullas
1224 1918 1351 2004 uideo),
1374 1941 1440 1982 non

321 2043 415 2107 spero
439 2021 697 2103 condemnabor,
726 2021 781 2108 qui
809 2018 1002 2085 solutionem
1029 2019 1164 2086 ultimae
1191 2019 1320 2086 Catullo
1343 2019 1438 2085 relin-

321 2146 424 2210 quens
448 2123 586 2186 duarum
609 2117 813 2208 syllabarum
826 2121 978 2187 ultimam
998 2123 1227 2208 praeeuntium
1244 2123 1439 2189 contractio-

275 2278 277 2283 .
320 2248 394 2290 nem
417 2224 487 2290 eius
511 2226 707 2290 auctoritate
729 2224 763 2288 in
785 2225 944 2289 Varronis
965 2247 1065 2289 uersu
1088 2223 1240 2289 defende.

406 2326 594 2392 Creticus
618 2326 736 2392 deinde
750 2325 916 2392 nonnullis
937 2325 1017 2391 locis
1039 2327 1224 2390 inuenimus
1234 2327 1258 2413 1)
1280 2327 1440 2393 bacchi-

320 2451 433 2515 osque
461 2451 588 2512 uersus,
612 2428 668 2515 qui
699 2450 773 2492 cum
794 2428 829 2492 in
849 2429 1054 2494 Parmenone
1082 2428 1273 2513 fragmentis
1297 2429 1384 2494 inter
1406 2451 1441 2494 se

322 2531 436 2596 eodem
466 2529 653 2595 caedendae
680 2529 785 2594 siluae
814 2541 1006 2616 argumento
1038 2529 1289 2597 cohaerentibus
1318 2531 1442 2598 seruati

322 2632 386 2697 sint
415 2633 482 2717 (fg.
504 2631 678 2697 IV-VlI
699 2633 860 2718 bacchiis‚
899 2632 1093 2698 VIII—IX
1127 2633 1255 2698 creticis
1289 2632 1440 2698 uersibus

322 2733 500 2818 constant),
522 2743 712 2799 nontamen
733 2735 832 2800 etiam
853 2757 919 2800 uno
942 2734 1121 2821 eodemque
1144 2735 1214 2818 loco
1236 2753 1271 2798 π.
1287 2728 1375 2817 ἐξάγ.
1390 2734 1441 2800 IV

322 2834 493 2920 leguntur,
516 2857 613 2921 quem
635 2857 708 2901 cum
729 2837 874 2902 bacchiis
902 2837 1045 2924 incipere
1075 2839 1243 2917 ‘qaemna'm
1265 2848 1294 2902 te
1313 2857 1376 2902 esse
1396 2837 1441 2900 ui-

322 2943 401 3002 cum’
426 2959 496 3022 sqq.
527 2937 680 3003 Enniana
701 2939 840 3005 imitatio
865 2939 911 3025 (u.
940 2939 1051 3005 adnot.
1073 2939 1117 3004 ad
1138 2937 1171 3003 h.
1192 2938 1229 3022 l.)
1254 2947 1366 3025 aperte
1386 2939 1440 3002 do-

323 3048 411 3122 ceat,
434 3060 500 3103 non
527 3060 608 3125 opus
637 3051 688 3106 est
716 3062 789 3104 cum
810 3041 996 3108 Ribbeckio
1025 3042 1061 3105 in
1086 3039 1194 3106 media
1216 3040 1378 3105 sententia
1399 3040 1443 3104 a'd

324 3139 461 3206 creticos
499 3151 634 3226 repente
666 3143 824 3224 transire,
864 3144 923 3209 sed
956 3152 1072 3230 sponte
1106 3143 1265 3209 octonarii
1298 3141 1443 3207 euadunt

324 3242 503 3308 bacchiaci.
536 3241 718 3309 Liberrime
741 3253 851 3309 autem
871 3245 906 3309 in
927 3244 978 3309 his
1000 3245 1152 3310 uersibus
1174 3245 1324 3312 breuium
1346 3244 1443 3332 sylla-

324 3345 438 3410 barum
460 3344 674 3431 productione
695 3345 930 3432 longarumque
950 3347 985 3410 in
1013 3347 1096 3412 duas
1118 3349 1223 3414 utitur
1245 3347 1415 3426 solutione.

407 3447 559 3532 Denique
581 3448 681 3513 uerbo
704 3448 988 3514 commemoranda
1003 3459 1081 3515 sunt
1094 3459 1200 3516 metra
1213 3460 1292 3515 tune
1314 3449 1443 3514 demum

324 3549 447 3613 Romae
470 3548 612 3633 exculta,
628 3572 767 3636 quorum
781 3550 892 3616 nescio
916 3571 958 3614 an
979 3551 1053 3636 ipse
1067 3552 1173 3618 Varro
1189 3552 1312 3638 primus
1329 3559 1443 3615 auctor

323 3649 440 3715 fuerit:
478 3649 718 3738 glyconeum
754 3651 960 3736 (Pseudaen.
997 3652 1077 3740 fg.)‚
1123 3651 1441 3718 choriambicum

324 3752 422 3817 trium
450 3752 570 3837 pedum
597 3775 671 3817 cum
697 3752 845 3818 clausula
871 3753 1013 3819 iambica
1042 3753 1153 3840 (Sesq.
1176 3753 1251 3838 VI),
1279 3751 1441 3838 phalae-

325 3854 426 3916 cium
450 3853 606 3939 (Endym.
630 3853 708 3918 VJI.
731 3853 825 3938 Virg.
850 3854 917 3919 diu.
942 3854 1113 3940 ll—V²)).
1164 3853 1292 3935 Quibus
1322 3875 1339 3918 e
1367 3875 1441 3918 con-

412 4110 439 4174 r)
451 4084 526 4177 ”aya
544 4125 574 4161 a
594 4112 645 4162 m.
665 4112 742 4175 susq.
761 4111 840 4161 xxn
859 4127 901 4176 sq.
921 4111 959 4177 fg.
979 4112 1033 4160 sno.
1052 4111 1086 4160 v.

410 4195 436 4258 2)
455 4197 525 4246 Nam
552 4197 623 4245 Bim.
646 4197 698 4246 XX
726 4195 798 4262 quod
825 4197 899 4247 inter
924 4193 1175 4259 hendecasyllabos
1199 4197 1338 4246 numerari
1362 4196 1443 4260 solet,

324 4285 435 4344 propter
458 4281 608 4332 cohaerens
631 4283 669 4346 fg.
694 4282 758 4330 XXI
780 4297 876 4331 uersus
907 4279 1044 4330 trochaici
1070 4281 1224 4344 septenarii
1250 4285 1357 4346 partem
1381 4297 1442 4332 esse

325 4363 419 4412 malui.
