3274 5296
673 463 798 520 capvt
820 463 831 520 l
1265 457 1305 522 21

188 629 367 716 extr.)‚‘qui
377 627 689 695 nouaeAcademiae
697 625 945 713 Stoicorumque
957 625 1078 714 placita
1090 628 1198 715 aliquo
1210 625 1307 695 modo

188 734 274 799 inter
296 755 331 796 se
354 729 540 796 consociare
561 731 751 817 temptauit,
774 731 982 796 Krahnerum
1003 743 1112 798 tamen
1134 732 1190 818 qui
1206 730 1307 796 Stoici

187 843 247 922 p·6
259 833 435 920 praecipue
447 832 614 898 Cleanthis
627 855 700 898 eum
711 842 906 900 sectatorem
917 841 1013 920 putat
1024 833 1065 897 do
1076 833 1175 900 Varr.
1188 831 1306 920 philos.

188 958 246 1022 sq„
258 936 282 1008 ¹t
299 956 373 999 eum
389 956 407 999 e
422 957 600 1022 paucorum
615 933 774 1002 librorum
789 933 1058 1022 inscriptionibus
1074 936 1204 1021 utrique
1220 957 1305 1001 com-

186 1035 373 1122 munibus²)
402 1037 538 1102 nimium
566 1036 716 1124 equidem
743 1036 935 1102 concludere
962 1034 1078 1120 nolim,
1112 1045 1305 1122 argumento

186 1161 252 1204 non
285 1138 366 1204 satis
400 1137 511 1204 ualido
544 1139 593 1204 uti
626 1141 723 1226 p'ut03
758 1137 801 1204 ol.
824 1140 923 1204 etiam
950 1138 1061 1205 adnot.
1089 1138 1133 1204 ad
1161 1148 1306 1204 saturam

138 1225 143 1236 ⁸
177 1233 263 1324 Ἕχω
292 1253 348 1322 σε,
382 1240 441 1305 sod
471 1241 569 1306 etiam
597 1240 640 1306 ad
668 1262 740 1305 eam
767 1263 852 1328 quac
880 1239 1037 1307 scribitur
1059 1231 1181 1316 ’Ἄλλος
1208 1224 1308 1316 οὗτος

182 1333 361 1426 Ἡρακλῆς.
405 1342 541 1408 Minime
563 1352 673 1408 autem
695 1343 742 1407 eis
764 1364 849 1429 quae
870 1341 924 1407 ille
946 1343 968 1408 l.
990 1365 1018 1408 c.
1039 1364 1071 1429 p.
1094 1351 1135 1412 20
1158 1364 1207 1429 sq.
1230 1343 1306 1409 sub-

187 1444 287 1510 tiliter
309 1467 352 1509 ex
374 1442 626 1510 Andabatarum
648 1444 861 1530 inscriptione
883 1453 916 1510 et
937 1443 1122 1530 fragmento
1145 1449 1308 1510 ‘Mortales

133 1603 137 1610 .
186 1553 273 1612 molti
302 1567 411 1612 rursus
439 1567 477 1612 oc
502 1567 636 1626 prorsus
659 1551 777 1612 meant'
816 1546 857 1612 de
891 1546 1073 1611 animarum
1107 1545 1141 1610 in
1179 1544 1305 1612 coelum

186 1669 326 1713 ascensu
356 1658 388 1713 et
410 1647 487 1712 inde
509 1648 669 1714 descensu
691 1647 834 1714 Varroni
856 1648 993 1735 probato
1016 1647 1178 1713 elicienda
1199 1658 1305 1736 putat,

186 1749 396 1815 subscribere
410 1749 519 1814 uelim.
557 1750 698 1816 Omnino
721 1761 831 1816 autem
854 1751 973 1817 certius
996 1761 1077 1836 puto
1100 1772 1306 1837 66661166-

186 1850 268 1917 culis
290 1851 402 1917 uerbis
432 1873 593 1918 conexum
617 1873 788 1938 quaerere,
822 1853 1015 1940 praesertim
1043 1874 1116 1918 cum
1144 1875 1306 1940 nusquam

185 1953 254 2020 lere
289 1954 432 2018 sciemus
465 1963 577 2018 utrum
610 1953 750 2020 docendi
782 1977 823 2018 an
851 1953 1043 2042 disputandi
1076 1963 1108 2019 et
1134 1953 1306 2020 refellendi

186 2079 286 2122 causa
309 2057 515 2138 sententiam,
538 2079 623 2142 quae
645 2055 731 2120 forte
753 2055 886 2122 fortuna
906 2055 1002 2122 nobis
1019 2067 1151 2122 seruata
1165 2068 1226 2140 est,
1249 2079 1305 2144 po-

186 2159 305 2241 suerit3
331 2158 390 2222 sed
413 2180 455 2222 ex
469 2157 740 2244 inscriptionibus
757 2167 848 2224 certa
863 2165 1055 2244 argumenta
1070 2158 1304 2245 praebentibus

185 2261 207 2325 i.
223 2283 252 2326 6.
275 2283 294 2325 e
310 2258 508 2346 duplicibus.
542 2260 597 2326 Sic
619 2282 692 2325 cum
714 2265 894 2340 Aboriyiacs
908 2259 1015 2326 Varro
1032 2270 1177 2325 saturam
1192 2261 1305 2325 inscri-

185 2362 306 2450 pserit,
344 2383 515 2448 possemus
538 2362 684 2447 cogitare
713 2362 754 2426 de
781 2353 964 2448 priscorum
986 2361 1103 2427 Italiae
1125 2360 1306 2428 incolarum
1376 2415 1379 2422 .

184 2464 303 2530 habitu
332 2461 544 2552 moribusque
572 2463 763 2552 descriptis3
798 2464 856 2528 sed
878 2486 962 2551 quae
991 2463 1073 2529 alius
1100 2461 1157 2528 ille
1178 2464 1307 2530 addidit

185 2562 274 2649 ‘arpi
297 2555 492 2648 ἀνθρώπων
513 2560 665 2648 φύσεως’
689 2566 881 2650 ostendunt,
912 2566 953 2630 (16
975 2566 1167 2652 primigenio
1190 2575 1306 2633 exortu

183 2690 328 2755 ueraque
349 2667 517 2733 hominum
539 2669 664 2753 origine
679 2667 861 2734 Varronem
884 2668 1080 2754 disputasse.
1125 2670 1247 2752 Quare,
1270 2679 1307 2735 ut

186 2771 358 2836 occasione
387 2769 501 2836 oblata
528 2769 590 2834 hoc
618 2771 754 2854 addam,
779 2793 818 2836 ea
848 2793 931 2858 quae
960 2770 1160 2836 Censorinus
1182 2770 1305 2839 Varro·

185 2873 304 2936 nianae
319 2871 375 2936 ille
391 2871 558 2938 doctrinae
574 2871 769 2960 compilator
791 2896 820 2937 6.
836 2884 855 2944 4
878 2872 919 2938 (16
935 2884 1010 2938 ortu
1026 2874 1156 2959 generis
1172 2873 1306 2938 humani

185 2997 205 3038 a
219 2971 423 3061 philosophis
446 2974 538 3038 uarie
554 2974 720 3062 descripto
737 2974 844 3056 docet,
867 2997 910 3039 ex
931 2975 992 3039 hae
1015 2998 1088 3039 eum
1104 2983 1217 3040 satura
1237 2999 1305 3041 mu-

185 3084 312 3142 tuatum
342 3097 414 3140 esse
440 3074 611 3162 probabile
638 3077 780 3144 uidetur.
829 3075 882 3142 Ibi
905 3084 1014 3142 eutem
1036 3077 1306 3164 philosophorum

184 3199 324 3262 magnus
344 3198 496 3242 numerus
520 3177 729 3264 producitur3
752 3177 923 3265 magisque
938 3180 1070 3245 omnino
1085 3180 1119 3244 ni
1134 3179 1231 3246 fallor
1246 3179 1306 3246 tali

185 3278 420 3344 sententiarum
449 3281 688 3345 enumerationi
720 3279 940 3346 recensendae
968 3302 1067 3367 quam
1094 3304 1173 3346 suae
1201 3282 1305 3368 ipsius

185 3379 331 3466 opinioni
359 3382 560 3464 argumentis
589 3381 769 3446 firmandae
790 3382 949 3448 Varronis
978 3381 1105 3448 indoles
1135 3391 1213 3470 apta
1235 3393 1306 3449 erat

185 3481 243 3566 (cf.
258 3480 482 3547 Mommsenus
505 3482 527 3548 l.
543 3505 570 3548 c.
588 3506 620 3570 p.
637 3483 724 3570 587).
761 3483 848 3548 Satis
871 3492 960 3548 recte
984 3492 1091 3548 autem
1112 3484 1304 3550 Krahncrus

184 3582 205 3648 l.
229 3607 258 3649 6.
283 3607 315 3670 p.
342 3591 381 3652 10
408 3583 490 3649 hoec
512 3607 585 3649 eum
608 3594 768 3651 tractasse
789 3582 1015 3672 philosophica
1042 3609 1059 3651 6
1082 3585 1226 3672 reliquiis
1250 3609 1304 3674 ap-

183 3707 300 3772 parere
323 3685 417 3751 dicit:
443 3685 484 3752 (16
505 3698 624 3754 natura
645 3687 805 3770 hominis,
835 3688 876 3753 (16
899 3688 1026 3752 animae
1048 3688 1304 3770 immortalitate,

271 3909 297 3972 1)
316 3911 422 3961 Tamen
440 3912 525 3962 etiam
543 3911 706 3963 Platonicae
726 3915 753 3961 et
770 3912 975 3977 Pythagoricae
999 3911 1165 3978 disciplinae
1183 3912 1305 3976 uestigia

187 3996 317 4061 agnoseit
329 3996 366 4046 cf.
381 4011 406 4062 p.
420 3995 461 4051 15.
476 3999 520 4059 193
540 4011 624 4063 quere
639 3995 673 4046 sd
686 4011 819 4046 summam
833 3996 904 4048 idom
918 3996 1071 4061 dicitquod
1085 4013 1136 4062 ego
1149 4013 1175 4061 p.
1189 3999 1222 4047 ‘20
1236 4001 1304 4046 extr.

270 4079 298 4145 2)
318 4080 477 4156 Krehrperus
490 4081 622 4132 Varronis
640 4085 750 4134 saturas
770 4079 926 4146 Τριοδίτην
946 4073 1102 4144 Tamalites
1119 4078 1184 4144 περὶ
1203 4070 1305 4146 ἀρετῆς

186 4157 318 4232 κτήσεως,
338 4163 460 4216 Gloriam
478 4181 509 4216 π.
523 4159 647 4230 φθόνου,
667 4165 828 4216 Columnam
840 4165 971 4216 Herculis
989 4181 1018 4214 π.
1033 4158 1127 4230 δόξης,
1147 4165 1305 4216 Bimsrcum

187 4247 227 4312 (π.
239 4242 370 4314 τρόπων),
391 4249 540 4316 Oaprinum
557 4251 691 4316 proelium
709 4268 738 4304 rr.
755 4241 865 4318 ἡδονῆς
884 4266 944 4300 cum
964 4247 1106 4300 Cleanthis
1125 4251 1236 4315 seriptis
1256 4248 1305 4315 (cf.

186 4332 268 4400 Diog.
287 4331 554 4400 L.V11175)hisee
573 4333 638 4400 περὶ
656 4325 763 4401 ἀρετῶν
791 4352 820 4387 π.
840 4333 1011 4404 φθονερίας,
1031 4349 1060 4384 π.
1080 4327 1175 4405 δόξης,
1194 4349 1224 4387 π.
1244 4328 1304 4410 τρό-

187 4431 260 4488 πων,
278 4433 309 4468 π.
328 4409 435 4487 ἡδονῆς
455 4413 602 4494 componit,
