3274 5296
644 452 770 508 capvt
801 453 821 508 ιι
1248 450 1288 528 tt

172 616 339 682 nominaui
370 617 571 700 argumentis
600 616 684 682 hanc
711 619 872 684 rationem
894 619 941 684 ita
963 619 1156 684 confirmare
1179 619 1290 685 studet

174 719 239 806 (De
262 741 297 782 re
321 717 455 782 metrica
476 727 577 804 poett.
601 717 657 784 lot.
681 742 713 805 p.
731 727 769 790 83
787 720 866 806 sq.):
892 720 1134 808 ‘etenimquod
1157 743 1289 786 suarum

173 830 205 886 et
232 819 350 884 Lucilii
381 831 567 886 saturarum
601 821 770 908 proprium
803 845 875 886 csse
906 831 1045 889 testatur
1072 823 1227 904 Flaccus,
1262 823 1288 887 si

172 933 320 1009 tempora
342 931 433 986 certa
454 945 492 986 ac
515 922 627 988 modos
652 923 831 1009 dempseris
860 925 988 1007 uerbis,
1017 947 1083 989 non
1110 926 1176 989 iam
1198 925 1288 988 inue-

171 1024 233 1088 niri
256 1024 351 1111 quasi
373 1023 515 1089 frustula
543 1025 690 1110 poetica,
725 1025 760 1090 id
788 1025 884 1111 longe
911 1028 1015 1112 magis
1040 1027 1083 1092 ad
1105 1025 1289 1092 Varronem

171 1125 314 1213 pertinet
336 1163 376 1172 -
392 1164 433 1174 —
456 1127 565 1212 itaque
588 1126 698 1212 siquid
719 1127 781 1192 erit
802 1125 923 1193 humile
946 1138 978 1194 et
1001 1127 1128 1195 solutae
1150 1126 1289 1192 orationi

172 1238 301 1314 aptum,
330 1250 396 1293 non
424 1228 572 1314 sequitur
594 1239 682 1294 certo
705 1229 741 1293 id
763 1251 829 1294 non
851 1231 1011 1296 contineri
1034 1229 1195 1294 uersibus.
1231 1229 1289 1294 sed

173 1329 236 1394 alia
263 1339 435 1416 praeterea
463 1351 526 1394 non
554 1330 658 1396 minor
687 1329 865 1396 difficultas
898 1331 974 1396 inde
1006 1333 1168 1413 nascitur,
1201 1330 1290 1418 quod

172 1431 336 1496 Varronis
365 1439 511 1518 tempore
540 1431 618 1497 noui
645 1430 768 1497 moduli
796 1443 910 1499 exorta
938 1443 1009 1500 arte
1037 1457 1110 1498 cum
1132 1431 1288 1520 pleraque

172 1533 339 1599 ueteribus
362 1533 558 1619 intemptata
580 1532 837 1618 aggrederentur
858 1543 975 1622 poetae
989 1536 1111 1617 Latini,
1134 1533 1216 1599 illud
1238 1556 1289 1600 ac·

172 1635 282 1701 cidere
310 1635 482 1722 oportebat
509 1635 597 1722 quod
625 1657 753 1722 semper
781 1636 819 1702 fit
846 1637 880 1700 in
907 1660 941 1704 re
971 1637 1088 1720 simili,
1119 1648 1156 1704 ut
1188 1636 1289 1702 animi

172 1738 333 1804 inusitata
360 1735 529 1823 uoluptate
557 1737 647 1824 capti
674 1738 836 1824 nimisque
864 1739 1071 1825 indulgentes
1094 1739 1289 1805 iucunditati

171 1837 331 1925 incogniti
354 1838 508 1905 carminis
531 1861 597 1905 non
620 1839 700 1904 satis
729 1850 882 1906 curarent
909 1840 1008 1925 illud,
1036 1842 1116 1929 quid
1143 1841 1289 1928 pedestri

171 1942 401 2030 potiusquam
429 1941 576 2028 poeticae
605 1942 796 2007 conueniret
822 1943 987 2009 orationi.'
1012 1945 1118 2009 .Huic
1140 1943 1289 2008 Muelleri

172 2043 355 2110 sententiae
377 2043 440 2108 hoc
462 2043 593 2129 quidem
616 2065 729 2107 uerum
751 2044 853 2126 inest,
883 2067 946 2110 res
970 2067 1203 2132 nonnunquam
1224 2068 1288 2109 me·

172 2147 300 2212 diocres
327 2167 389 2210 nec
416 2145 510 2232 poesi
532 2154 626 2232 aptas
655 2167 771 2210 uersus
800 2146 960 2212 Varronis
990 2148 1156 2212 continere
1164 2196 1172 2230 ,
1207 2169 1289 2234 quas

173 2259 285 2316 tamen
307 2249 455 2336 poeticas
479 2267 551 2313 esse
574 2247 715 2334 scriptor
742 2270 915 2334 perperam
942 2250 1088 2335 putauit3
1117 2272 1155 2314 eo
1183 2248 1289 2334 magis

174 2361 283 2417 autem
298 2335 517 2416 uerborum
538 2349 659 2436 ubique
682 2358 843 2416 tumorem
858 2361 1003 2416 artemue
1020 2351 1291 2437 quaerebatque

172 2453 322 2519 adhibita
343 2461 474 2539 poetam
497 2473 532 2516 se
549 2473 736 2533 euasurum,
761 2474 834 2516 curn
849 2452 1011 2538 genuinus
1028 2475 1107 2518 sane
1121 2452 1291 2516 Musarum

172 2555 324 2621 alumnus
348 2554 407 2619 uix
429 2554 546 2636 fuerit,
575 2563 697 2620 temere
720 2556 885 2640 sperabat.
930 2553 1033 2620 Phrro
1063 2563 1171 2620 autem
1194 2577 1234 2620 ea
1255 2577 1290 2619 rc

172 2656 333 2722 aceteris
357 2657 427 2721 eius
450 2658 525 2722 aeui
546 2656 653 2742 poetis
678 2655 828 2722 diuersus
852 2668 919 2740 est,
951 2655 1039 2742 quod
1061 2679 1143 2744 quae
1174 2679 1290 2744 apoc-

172 2760 236 2825 tica
259 2758 401 2825 elatione
425 2757 533 2824 aliena
555 2781 626 2824 esse
644 2760 809 2844 cognouit,
834 2782 873 2825 ea
894 2759 1103 2845 pedestribus
1128 2759 1194 2825 suis
1217 2782 1290 2846 par·

171 2863 259 2928 tibus
294 2869 424 2948 poterat
456 2860 616 2944 inserere3
651 2883 751 2948 quare
778 2862 844 2926 iarn
873 2861 1099 2949 accipiendum
1127 2871 1177 2926 est
1206 2884 1289 2944 eum,

171 2988 254 3052 quae
277 2964 430 3030 uersibus
459 2962 565 3028 uoluit
594 2964 751 3050 exprimi,
781 2987 839 3052 pro
868 2964 1005 3050 poeticis
1038 2985 1114 3029 uere
1136 2964 1291 3030 habuisse

171 3066 349 3152 uerbisque
364 3065 439 3131 ideo
454 3066 548 3152 poesi
571 3067 843 3134 conuenientibus
868 3065 1031 3132 elocutum
1054 3089 1136 3131 esse.
1182 3067 1299 3148 Quarc‘

173 3167 212 3233 de
228 3169 358 3256 poetica
373 3167 506 3256 quidem
520 3166 680 3232 Varronis
702 3169 827 3235 uirtute
849 3167 1014 3234 iudicabis
1036 3176 1201 3256 utcunque
1223 3168 1291 3256 pla-

172 3270 276 3355 cebit3
311 3270 369 3336 sed
398 3269 433 3333 id
465 3269 574 3356 ipsum
602 3292 643 3334 ex
666 3268 731 3334 illis
760 3269 1002 3354 concludimus,
1036 3293 1133 3358 posse
1161 3293 1220 3337 nos
1250 3294 1292 3335 ex

171 3373 348 3440 uerborum
375 3372 518 3454 ratione,
552 3393 617 3456 qua
643 3372 762 3456 utitur,
791 3371 997 3457 intellegere,
1032 3372 1138 3436 sintne
1165 3370 1228 3435 loci
1257 3373 1291 3435 in

172 3484 276 3540 metra
301 3475 406 3538 coacti
429 3497 471 3538 an
485 3497 561 3540 non.
593 3472 647 3539 Ita
663 3473 914 3540 Andabatarum
928 3473 1105 3559 fragmenti
1120 3472 1187 3538 VII
1202 3473 1291 3560 quod

171 3575 349 3642 Muellerus
373 3598 405 3662 p.
430 3585 470 3647 84
493 3576 588 3642 affert

257 3679 439 3742 ‘Candidum
461 3684 542 3743 lacte
564 3680 585 3742 θ’
599 3681 721 3757 papilla
742 3677 810 3743 crim
829 3685 913 3758 fluit,
937 3679 1054 3758 sigorim
1073 3690 1186 3759 puteat

256 3782 394 3858 Prirtais,
420 3785 503 3860 qaod
523 3784 572 3845 tic
593 3788 740 3858 sequatur
761 3783 914 3849 mrilterem
936 3803 953 3844 e
969 3783 1067 3861 portat
1088 3789 1207 3863 liquor’

174 3899 337 3965 sententia
352 3921 431 3963 sane
453 3907 505 3964 est
520 3897 696 3964 admodum
719 3895 892 3964 mediocris
915 3907 948 3964 et
970 3900 1118 3984 humilis;
1142 3901 1292 3986 quisnam

173 4023 251 4066 uero
280 3999 376 4065 lactis
406 3999 573 4089 epitheton
602 4004 802 4065 ‘candidum’
832 4001 866 4064 in
889 4003 1037 4089 prosario
1067 4023 1214 4068 sermone
1236 4001 1291 4068 ad·

174 4100 360 4168 hibuisset?
394 4104 467 4189 quis
491 4125 557 4168 non
580 4110 616 4165 ‘e
632 4105 782 4180 papillis’
807 4101 968 4168 dixisset?
1002 4104 1074 4190 quis
1098 4105 1202 4168 uerba
1224 4109 1292 4171 ‘liic

175 4209 290 4283 liquor‘
321 4213 389 4268 tarn
417 4202 532 4290 procul
560 4204 646 4268 inter
675 4224 710 4268 se
739 4204 1004 4289 segregasset?¹)
1048 4206 1165 4292 Itaque
1187 4206 1222 4271 in
1243 4206 1291 4272 in-

259 4409 287 4477 1)
307 4412 349 4461 Dc
368 4410 422 4463 hac
440 4411 586 4464 uerborum
605 4410 791 4489 collocatione
809 4410 883 4462 infra
903 4427 993 4478 agam.
