3274 5296
342 467 384 529 64
816 471 945 526 CAPVT
966 471 988 526 ll

341 656 478 713 maana
499 642 689 713 captata'.
717 671 760 682 -
792 633 904 714 Τριοδ.
927 635 1059 711 rorant.
1083 631 1148 696 IV:
1180 639 1368 712 ‘aruspicem
1390 640 1459 696 tri-

341 745 458 801 stem'.
490 772 532 783 -
559 734 640 799 ibid.
662 735 710 799 V:
740 742 943 800 ‘coruscas
970 740 1080 812 imber,
1111 741 1191 799 alto
1218 741 1320 800 nubilo
1346 741 1462 800 cadens

340 845 476 903 multas
495 843 650 917 grandiae
671 844 844 917 implicatus
865 843 980 901 albo'.
1002 874 1045 884 —-
1065 836 1160 920 Virg.
1184 835 1251 901 din.
1273 835 1323 900 H:
1349 843 1460 916 ‘psallas

337 945 612 1018 fritinientis’.
640 976 675 985 -
700 939 781 1003 ibid.
804 939 869 1003 IV:
893 931 1075 1003 ‘libamenta
1096 945 1248 1003 caduca
1269 945 1389 1004 uictus'.
1418 977 1461 985 —

341 1040 422 1107 ibid.
438 1041 484 1106 V:
508 1045 654 1106 ‘canera
670 1048 867 1122 pusillos’.
883 1080 925 1088 —
941 1040 1062 1105 Incert.
1076 1039 1123 1103 V:
1148 1046 1356 1106 ‘trisulcae
1372 1043 1462 1117 fores

338 1153 500 1223 qraues'
530 1153 562 1207 et
590 1150 742 1209 ‘turbines
768 1149 932 1208 tardos'.
954 1181 998 1191 —
1018 1143 1101 1208 ibid.
1123 1142 1227 1206 XIII:
1258 1151 1325 1207 ‘uer
1353 1148 1459 1206 blan-

341 1252 444 1311 dum’
469 1255 502 1310 et
524 1249 678 1334 ‘torpes
700 1251 834 1310 hirundo
856 1244 914 1324 (cf.
936 1244 1019 1311 ibid.
1042 1244 1139 1330 XII).
1161 1283 1205 1290 -

425 1347 497 1412 Iam
523 1348 608 1411 inber
635 1344 716 1410 haec
744 1345 890 1432 epitheta
921 1346 1025 1412 multa
1058 1355 1135 1412 sunt
1167 1345 1344 1428 uocabula,
1375 1368 1460 1430 quae

340 1451 439 1515 etiam
456 1450 485 1514 si
506 1472 566 1536 per
588 1472 623 1512 se
645 1457 835 1535 spectantur
855 1472 923 1514 non
943 1459 1081 1536 possunt
1103 1449 1168 1513 nisi
1189 1449 1225 1512 in
1245 1447 1372 1534 poetico
1394 1471 1459 1512 ser-

266 1566 282 1588 '
339 1574 436 1617 mone
460 1550 621 1618 adhiberi.
666 1551 873 1637 Quamquam
896 1551 1147 1616 discernendum
1169 1561 1219 1615 est
1240 1549 1326 1614 inter
1346 1550 1458 1614 uarios

341 1654 518 1740 scriptores
541 1653 716 1738 uariasque
739 1662 881 1735 aetates,
911 1677 985 1718 cum
1012 1663 1185 1738 argenteae
1213 1653 1279 1717 iam
1306 1675 1389 1739 quae
1412 1651 1458 1716 di-

341 1757 426 1819 citur
448 1754 566 1820 aetatis
590 1755 765 1842 scriptores
787 1755 957 1841 magisque
980 1755 1081 1820 etiam
1103 1754 1281 1841 Apuleium
1302 1753 1458 1841 posterio-

341 1880 458 1944 resque
485 1858 521 1921 in
548 1857 732 1943 prosarium
760 1879 943 1922 sermonem
975 1855 1079 1922 multa
1112 1858 1292 1944 sumpsisse
1319 1865 1458 1937 constet,

341 1982 424 2046 quae
452 1967 549 2023 antea
577 1959 619 2024 ab
648 1957 705 2023 illo
734 1957 841 2022 aliena
868 1960 1010 2024 fuerant.
1065 1959 1124 2024 Sin
1150 1980 1229 2024 uero
1257 1958 1457 2038 Ciceronem,

340 2063 397 2148 qui
420 2060 551 2148 quidem
572 2062 644 2146 ipse
666 2059 895 2125 floridissimus
924 2061 1117 2148 antiquioris
1141 2062 1215 2126 aeui
1237 2061 1377 2146 scriptor
1397 2069 1457 2140 est,
1542 2103 1547 2110 -
1626 2053 1627 2060 '

339 2163 506 2250 magisque
535 2161 616 2226 alios
640 2162 821 2248 'scriptores
855 2161 932 2227 inde
962 2171 1109 2228 seruatos
1137 2163 1330 2250 respicimus
1358 2173 1458 2248 atque

340 2265 483 2330 maxime
505 2265 605 2329 etiam
618 2264 779 2328 Varronis
802 2265 907 2350 ipsius
928 2264 1031 2330 libros
1055 2267 1249 2352 superstites
1271 2264 1458 2331 considera-

340 2391 423 2450 mus,
441 2367 497 2454 qui
511 2368 547 2430 in
561 2366 760 2454 quibusdam
774 2389 883 2430 rerum
898 2367 1093 2432 rusticarum
1108 2355 1257 2454 partibus
1278 2366 1458 2432 iucundum

341 2481 373 2535 et
391 2469 541 2534 uiuidum
563 2479 721 2555 quantum
743 2477 857 2555 posset
879 2490 1061 2534 sermonem
1076 2469 1186 2534 facere
1207 2469 1373 2551 studebat,
1395 2466 1458 2534 hoc

341 2572 453 2639 statim
481 2572 704 2659 experiemur,
729 2570 878 2636 extitisse
900 2569 956 2634 illo
979 2593 1060 2636 aeuo
1089 2571 1265 2636 discrimen
1287 2579 1457 2656 certosque

340 2675 434 2755 fines,
450 2673 568 2760 quibus
584 2683 757 2760 utrumque
781 2673 940 2738 sermonis
963 2696 1066 2757 genus
1090 2683 1330 2760 segregaretur,
1353 2694 1456 2759 neque

339 2777 526 2841 Varronem
547 2784 634 2840 certe
655 2774 757 2839 fuisse
780 2774 836 2861 qui
856 2797 1002 2862 unquam
1023 2798 1078 2840 eos
1101 2775 1292 2841 transiliret.
1337 2774 1402 2855 Qui
1424 2784 1457 2839 et

339 2879 409 2964 ipse
431 2876 486 2961 (de
508 2874 621 2961 lingua
642 2876 747 2940 latina
762 2877 793 2941 V
806 2879 840 2963 9)
861 2878 944 2942 haec
967 2877 1065 2942 dicit:
1091 2886 1191 2958 ‘quom
1207 2883 1337 2959 poeticis
1358 2883 1457 2942 matu

340 2985 441 3044 uerbis
461 2985 559 3058 magis
587 2985 718 3044 delecter
745 3001 835 3059 quum
863 2991 949 3058 utar,
981 2987 1114 3060 antiquis
1141 2988 1241 3060 mauu
1267 2990 1340 3045 atur
1366 3000 1455 3058 quam

340 3089 501 3156 delecter';
525 3103 625 3167 quare
648 3081 685 3146 fit
707 3092 744 3146 ut
765 3083 893 3168 poetica
914 3075 1247 3170 uerba'quaecunque
1263 3080 1351 3169 apud
1364 3079 1456 3144 illum

339 3184 535 3265 inuenimus,
559 3205 598 3247 ea
619 3183 653 3246 in
673 3182 882 3270 pedestribus
905 3185 1055 3270 partibus
1078 3185 1181 3250 fuisse
1196 3185 1305 3271 posita
1319 3183 1456 3248 firmiter

339 3271 506 3372 negemus.
549 3284 683 3350 Poetica
706 3294 814 3350 autem
837 3285 910 3351 dico
933 3295 966 3350 et
987 3309 1037 3369 ea,
1061 3309 1146 3373 quae
1161 3284 1286 3352 liberae
1301 3283 1455 3372 reipubli-

339 3412 397 3454 cae
419 3397 565 3475 tempore
580 3387 615 3450 in
630 3409 692 3452 usu
708 3398 801 3453 erant
818 3386 896 3455 solis
912 3389 1019 3475 poetis
1036 3396 1069 3452 et
1090 3411 1183 3475 quae,
1202 3389 1231 3454 si
1252 3395 1369 3474 postea
1390 3385 1455 3449 for-

338 3499 428 3555 tasse
451 3489 541 3577 apud
569 3488 737 3575 pedestres
761 3513 889 3577 quoque
918 3491 1092 3576 scriptores
1116 3500 1306 3572 occurrunt,
1335 3513 1352 3554 e
1380 3511 1454 3576 poe-

337 3603 445 3657 tarum
475 3591 659 3655 imitatione
688 3593 777 3678 apud
803 3592 861 3658 hos
888 3593 1061 3678 irrepsisse
1084 3592 1139 3657 uel
1161 3602 1285 3658 certum
1306 3591 1360 3657 uel
1377 3614 1454 3678 pro-

337 3692 449 3760 babile
472 3701 532 3758 est.
575 3692 667 3757 Haec
688 3694 753 3758 iam
777 3717 851 3760 cum
873 3695 935 3759 sim
957 3706 1203 3761 enumeraturus
1233 3694 1352 3780 quibus
1374 3692 1454 3758 locis

338 3794 427 3882 apud
455 3794 637 3859 Varronem
665 3804 794 3877 extent,
828 3795 918 3880 prius
952 3819 1068 3863 moneo
1102 3819 1153 3861 me
1187 3819 1243 3878 ea,
1278 3819 1362 3882 quae
1389 3796 1455 3860 iam
1626 3873 1627 3886 χ

336 3898 423 3963 inter
445 3895 589 3982 epitheta
610 3897 718 3983 posita
741 3905 832 3979 sunt,
847 3898 976 3963 'iterum
998 3898 1115 3964 afferre
1139 3897 1236 3962 nolle.

423 3998 525 4064 Abor.
548 3997 594 4062 V:
620 4004 780 4079 ‘sperans’
803 4022 862 4086 pro
886 3999 1023 4087 spebus3
1047 4001 1146 4067 dictio
1170 3999 1331 4082 sublimis,
1354 4000 1455 4063 Enni-

338 4122 420 4165 anae
443 4101 533 4187 (ann.
555 4123 587 4164 n.
612 4109 683 4170 132.
706 4101 783 4183 410)
807 4102 898 4187 poesi
919 4102 1069 4189 propria3
1098 4094 1224 4167 cf.’'Ov.
1249 4095 1323 4184 tta.
1347 4100 1389 4166 V.
1411 4139 1454 4148 —-

338 4202 470 4287 Agatho
493 4201 560 4266 III:
587 4208 744 4267 ‘bominem
766 4210 1096 4279 seruum’;-‘seruus’
1120 4205 1321 4270 adiectiuum
1342 4212 1454 4290 poeta-

337 4325 410 4367 rum
429 4304 599 4389 proprium
627 4313 677 4368 est
703 4327 808 4390 neque
837 4308 871 4370 in
892 4304 1037 4391 pedestri
1059 4307 1205 4372 oratione
1225 4305 1350 4371 liberae
1372 4306 1454 4391 reip.

337 4416 484 4490 tempore
506 4427 645 4490 usquam
668 4407 821 4472 occurrit.
834 4445 877 4455 -
898 4407 978 4472 ibid.
1002 4406 1102 4471 VIII:
1126 4414 1207 4474 cedit
1227 4414 1312 4473 citat.
1348 4406 1454 4472 ‘Citus
