<?xml version="1.0" encoding="UTF-8"?>
<!DOCTYPE html PUBLIC "-//W3C//DTD XHTML 1.0 Transitional//EN"
    "http://www.w3.org/TR/xhtml1/DTD/xhtml1-transitional.dtd">
<html xmlns="http://www.w3.org/1999/xhtml" xml:lang="en" lang="en">
 <head>
  <title>
</title>
<meta http-equiv="Content-Type" content="text/html;charset=utf-8" />
  <meta name='ocr-system' content='tesseract 3.04.00' />
  <meta name='ocr-capabilities' content='ocr_page ocr_carea ocr_par ocr_line ocrx_word'/>
</head>
<body>
  <div class='ocr_page' id='page_1' title='image "./mterentivarroni00riesgoog_0062.png"; bbox 0 0 3252 5294; ppageno 0'>
   <div class='ocr_carea' id='block_1_1' title="bbox 617 467 777 558">
    <p class='ocr_par' dir='ltr' id='par_1_1' title="bbox 617 467 777 558">
     <span class='ocr_line' id='line_1_1' title="bbox 617 467 777 558; baseline 0.013 -36"><span class='ocrx_word' id='word_1_1' title='bbox 617 467 744 558; x_wconf 67' lang='lat' dir='ltr'><strong>CAPVi&#39;</strong></span> <span class='ocrx_word' id='word_1_2' title='bbox 767 468 777 524; x_wconf 89' lang='grc' dir='ltr'>Ι</span> 
     </span>
    </p>
   </div>
   <div class='ocr_carea' id='block_1_2' title="bbox 124 627 1317 4486">
    <p class='ocr_par' dir='ltr' id='par_1_2' title="bbox 228 627 1072 1336">
     <span class='ocr_line' id='line_1_2' title="bbox 389 627 606 716; baseline 0 -24"><span class='ocrx_word' id='word_1_3' title='bbox 389 639 439 701; x_wconf 84' lang='grc'><strong>48.</strong></span> <span class='ocrx_word' id='word_1_4' title='bbox 463 627 606 716; x_wconf 73' lang='lat' dir='ltr'><strong>Cynicus</strong></span> 
     </span>
     <span class='ocr_line' id='line_1_3' title="bbox 389 731 695 812; baseline -0.007 -18"><span class='ocrx_word' id='word_1_5' title='bbox 389 742 439 802; x_wconf 84' lang='lat'><strong>49.</strong></span> <span class='ocrx_word' id='word_1_6' title='bbox 462 731 642 812; x_wconf 79' lang='grc' dir='ltr'><strong><em>Κυνίστωρ</em></strong></span> <span class='ocrx_word' id='word_1_7' title='bbox 684 789 695 799; x_wconf 81' lang='grc'><em>,</em></span> 
     </span>
     <span class='ocr_line' id='line_1_4' title="bbox 387 825 810 917; baseline 0 -21"><span class='ocrx_word' id='word_1_8' title='bbox 387 842 438 903; x_wconf 88' lang='grc'><strong>50.</strong></span> <span class='ocrx_word' id='word_1_9' title='bbox 461 825 810 917; x_wconf 40' lang='lat' dir='ltr'><strong>vaootoaouatmdg,</strong></span> 
     </span>
     <span class='ocr_line' id='line_1_5' title="bbox 387 931 779 1021; baseline -0.023 -17"><span class='ocrx_word' id='word_1_10' title='bbox 387 946 437 1004; x_wconf 87' lang='lat'><strong>51.</strong></span> <span class='ocrx_word' id='word_1_11' title='bbox 461 931 701 1020; x_wconf 71' lang='lat' dir='ltr'><strong>vaoppp&#39;rop]</strong></span> <span class='ocrx_word' id='word_1_12' title='bbox 777 1017 779 1021; x_wconf 23' lang='grc' dir='ltr'>Ι</span> 
     </span>
     <span class='ocr_line' id='line_1_6' title="bbox 387 1029 781 1120; baseline 0 -22"><span class='ocrx_word' id='word_1_13' title='bbox 387 1045 439 1106; x_wconf 83' lang='lat'><strong>52.</strong></span> <span class='ocrx_word' id='word_1_14' title='bbox 467 1029 563 1120; x_wconf 73' lang='grc' dir='ltr'><strong>Ταφὴ</strong></span> <span class='ocrx_word' id='word_1_15' title='bbox 587 1037 781 1100; x_wconf 84' lang='grc' dir='ltr'><strong>Μενίππου.</strong></span> 
     </span>
     <span class='ocr_line' id='line_1_7' title="bbox 228 1137 1072 1225; baseline 0.001 -24"><span class='ocrx_word' id='word_1_16' title='bbox 228 1137 356 1218; x_wconf 80' lang='lat' dir='ltr'><strong>Quibus</strong></span> <span class='ocrx_word' id='word_1_17' title='bbox 381 1137 466 1202; x_wconf 93' lang='lat' dir='ltr'><strong>addo</strong></span> <span class='ocrx_word' id='word_1_18' title='bbox 489 1138 735 1225; x_wconf 82' lang='lat' dir='ltr'><strong>inscriptionem</strong></span> <span class='ocrx_word' id='word_1_19' title='bbox 757 1159 777 1200; x_wconf 83' lang='lat' dir='ltr'><strong>a</strong></span> <span class='ocrx_word' id='word_1_20' title='bbox 798 1160 849 1202; x_wconf 91' lang='lat' dir='ltr'><strong>me</strong></span> <span class='ocrx_word' id='word_1_21' title='bbox 871 1137 1072 1202; x_wconf 79' lang='lat' dir='ltr'><strong>restitutam:</strong></span> 
     </span>
     <span class='ocr_line' id='line_1_8' title="bbox 388 1238 678 1336; baseline -0.028 -26"><span class='ocrx_word' id='word_1_22' title='bbox 388 1248 439 1310; x_wconf 85' lang='lat'><strong>53.</strong></span> <span class='ocrx_word' id='word_1_23' title='bbox 463 1238 678 1336; x_wconf 76' lang='lat' dir='ltr'><strong>Plautocyon.</strong></span> 
     </span>
    </p>

    <p class='ocr_par' dir='ltr' id='par_1_3' title="bbox 129 1331 1317 1937">
     <span class='ocr_line' id='line_1_9' title="bbox 223 1331 1317 1428; baseline 0.001 -23"><span class='ocrx_word' id='word_1_24' title='bbox 223 1341 371 1423; x_wconf 83' lang='lat' dir='ltr'><strong>Deinde,</strong></span> <span class='ocrx_word' id='word_1_25' title='bbox 400 1343 554 1428; x_wconf 89' lang='lat' dir='ltr'><strong>quoniam</strong></span> <span class='ocrx_word' id='word_1_26' title='bbox 582 1342 732 1407; x_wconf 89' lang='lat' dir='ltr'><strong>uersibus</strong></span> <span class='ocrx_word' id='word_1_27' title='bbox 761 1340 1091 1427; x_wconf 86' lang='lat' dir='ltr'><strong>pseudotragoedias,</strong></span> <span class='ocrx_word' id='word_1_28' title='bbox 1125 1339 1257 1425; x_wconf 86' lang='lat' dir='ltr'><strong>logisto-</strong></span> <span class='ocrx_word' id='word_1_29' title='bbox 1309 1331 1317 1374; x_wconf 44' lang='grc' dir='ltr'><em>Ι</em></span> 
     </span>
     <span class='ocr_line' id='line_1_10' title="bbox 131 1442 1257 1529; baseline -0.001 -22"><span class='ocrx_word' id='word_1_30' title='bbox 131 1443 224 1509; x_wconf 84' lang='lat' dir='ltr'><strong>ricos</strong></span> <span class='ocrx_word' id='word_1_31' title='bbox 248 1465 348 1529; x_wconf 88' lang='lat' dir='ltr'><strong>prosa</strong></span> <span class='ocrx_word' id='word_1_32' title='bbox 377 1443 524 1508; x_wconf 85' lang='lat' dir='ltr'><strong>oratione</strong></span> <span class='ocrx_word' id='word_1_33' title='bbox 553 1443 711 1509; x_wconf 82' lang='lat' dir='ltr'><strong>contineri</strong></span> <span class='ocrx_word' id='word_1_34' title='bbox 741 1445 807 1508; x_wconf 83' lang='lat' dir='ltr'><strong>iam</strong></span> <span class='ocrx_word' id='word_1_35' title='bbox 835 1442 979 1524; x_wconf 91' lang='lat' dir='ltr'><strong>ostendi,</strong></span> <span class='ocrx_word' id='word_1_36' title='bbox 1014 1442 1138 1524; x_wconf 90' lang='lat' dir='ltr'><strong>omnia,</strong></span> <span class='ocrx_word' id='word_1_37' title='bbox 1173 1465 1257 1528; x_wconf 88' lang='lat' dir='ltr'><strong>quae</strong></span> 
     </span>
     <span class='ocr_line' id='line_1_11' title="bbox 131 1543 1258 1632; baseline -0.001 -23"><span class='ocrx_word' id='word_1_38' title='bbox 131 1545 307 1610; x_wconf 84' lang='lat' dir='ltr'><strong>continent</strong></span> <span class='ocrx_word' id='word_1_39' title='bbox 329 1545 515 1630; x_wconf 88' lang='lat' dir='ltr'><strong>fragmenta</strong></span> <span class='ocrx_word' id='word_1_40' title='bbox 537 1544 703 1632; x_wconf 88' lang='lat' dir='ltr'><strong>pedestria</strong></span> <span class='ocrx_word' id='word_1_41' title='bbox 725 1543 821 1610; x_wconf 87' lang='lat' dir='ltr'><strong>simul</strong></span> <span class='ocrx_word' id='word_1_42' title='bbox 844 1566 917 1608; x_wconf 91' lang='lat' dir='ltr'><strong>cum</strong></span> <span class='ocrx_word' id='word_1_43' title='bbox 939 1543 1073 1630; x_wconf 88' lang='lat' dir='ltr'><strong>poeticis</strong></span> <span class='ocrx_word' id='word_1_44' title='bbox 1099 1543 1147 1626; x_wconf 91' lang='lat' dir='ltr'><strong>(id</strong></span> <span class='ocrx_word' id='word_1_45' title='bbox 1170 1543 1258 1628; x_wconf 92' lang='lat' dir='ltr'><strong>quod</strong></span> 
     </span>
     <span class='ocr_line' id='line_1_12' title="bbox 131 1644 1258 1732; baseline -0.002 -22"><span class='ocrx_word' id='word_1_46' title='bbox 131 1646 341 1732; x_wconf 82' lang='lat' dir='ltr'><strong>argumentis</strong></span> <span class='ocrx_word' id='word_1_47' title='bbox 357 1669 415 1732; x_wconf 91' lang='lat' dir='ltr'><strong>per</strong></span> <span class='ocrx_word' id='word_1_48' title='bbox 438 1645 569 1732; x_wconf 84' lang='lat' dir='ltr'><strong>singula</strong></span> <span class='ocrx_word' id='word_1_49' title='bbox 591 1647 775 1732; x_wconf 84' lang='lat' dir='ltr'><strong>fragmenta</strong></span> <span class='ocrx_word' id='word_1_50' title='bbox 797 1647 830 1709; x_wconf 93' lang='lat' dir='ltr'><strong>in</strong></span> <span class='ocrx_word' id='word_1_51' title='bbox 847 1644 950 1711; x_wconf 90' lang='lat' dir='ltr'><strong>altero</strong></span> <span class='ocrx_word' id='word_1_52' title='bbox 967 1647 1074 1732; x_wconf 83' lang='lat' dir='ltr'><strong>capite</strong></span> <span class='ocrx_word' id='word_1_53' title='bbox 1089 1645 1258 1710; x_wconf 90' lang='lat' dir='ltr'><strong>confirma-</strong></span> 
     </span>
     <span class='ocr_line' id='line_1_13' title="bbox 129 1747 1256 1833; baseline -0.004 -19"><span class='ocrx_word' id='word_1_54' title='bbox 129 1747 259 1833; x_wconf 83' lang='lat' dir='ltr'><strong>bitur),</strong></span> <span class='ocrx_word' id='word_1_55' title='bbox 290 1748 376 1813; x_wconf 89' lang='lat' dir='ltr'><strong>inter</strong></span> <span class='ocrx_word' id='word_1_56' title='bbox 406 1757 534 1814; x_wconf 88' lang='lat' dir='ltr'><strong>saturas</strong></span> <span class='ocrx_word' id='word_1_57' title='bbox 556 1748 710 1815; x_wconf 85' lang='lat' dir='ltr'><strong>habenda</strong></span> <span class='ocrx_word' id='word_1_58' title='bbox 733 1749 826 1814; x_wconf 88' lang='lat' dir='ltr'><strong>duco.</strong></span> <span class='ocrx_word' id='word_1_59' title='bbox 868 1748 944 1812; x_wconf 92' lang='lat' dir='ltr'><strong>Huc</strong></span> <span class='ocrx_word' id='word_1_60' title='bbox 972 1758 1005 1813; x_wconf 90' lang='lat' dir='ltr'><strong>et</strong></span> <span class='ocrx_word' id='word_1_61' title='bbox 1032 1763 1169 1832; x_wconf 88' lang='lat' dir='ltr'><strong>magnus</strong></span> <span class='ocrx_word' id='word_1_62' title='bbox 1199 1769 1256 1810; x_wconf 93' lang='lat' dir='ltr'><strong>nu·</strong></span> 
     </span>
     <span class='ocr_line' id='line_1_14' title="bbox 130 1849 1255 1937; baseline -0.002 -23"><span class='ocrx_word' id='word_1_63' title='bbox 130 1873 246 1916; x_wconf 88' lang='lat' dir='ltr'><strong>merus</strong></span> <span class='ocrx_word' id='word_1_64' title='bbox 265 1873 377 1915; x_wconf 91' lang='lat' dir='ltr'><strong>earum</strong></span> <span class='ocrx_word' id='word_1_65' title='bbox 392 1850 534 1936; x_wconf 84' lang='lat' dir='ltr'><strong>pertinet</strong></span> <span class='ocrx_word' id='word_1_66' title='bbox 549 1873 629 1937; x_wconf 87' lang='lat' dir='ltr'><strong>quas</strong></span> <span class='ocrx_word' id='word_1_67' title='bbox 645 1851 710 1914; x_wconf 86' lang='lat' dir='ltr'><strong>iam</strong></span> <span class='ocrx_word' id='word_1_68' title='bbox 725 1851 925 1929; x_wconf 74' lang='lat' dir='ltr'><strong>enumerem,</strong></span> <span class='ocrx_word' id='word_1_69' title='bbox 949 1859 981 1915; x_wconf 93' lang='lat' dir='ltr'><strong>et</strong></span> <span class='ocrx_word' id='word_1_70' title='bbox 996 1859 1165 1935; x_wconf 88' lang='lat' dir='ltr'><strong>praeterea</strong></span> <span class='ocrx_word' id='word_1_71' title='bbox 1179 1849 1255 1912; x_wconf 88' lang='lat' dir='ltr'><strong>hae:</strong></span> 
     </span>
    </p>

    <p class='ocr_par' dir='ltr' id='par_1_4' title="bbox 386 1953 884 3958">
     <span class='ocr_line' id='line_1_15' title="bbox 388 1953 594 2038; baseline -0.019 -18"><span class='ocrx_word' id='word_1_72' title='bbox 388 1961 439 2022; x_wconf 79' lang='lat'><strong>54.</strong></span> <span class='ocrx_word' id='word_1_73' title='bbox 463 1953 594 2038; x_wconf 87' lang='lat' dir='ltr'><strong>Agatho</strong></span> 
     </span>
     <span class='ocr_line' id='line_1_16' title="bbox 387 2053 647 2140; baseline -0.027 -16"><span class='ocrx_word' id='word_1_74' title='bbox 387 2065 437 2124; x_wconf 86' lang='lat'><strong>55.</strong></span> <span class='ocrx_word' id='word_1_75' title='bbox 462 2053 535 2140; x_wconf 82' lang='lat' dir='ltr'><strong>Age</strong></span> <span class='ocrx_word' id='word_1_76' title='bbox 550 2053 647 2118; x_wconf 92' lang='lat' dir='ltr'><strong>modo</strong></span> 
     </span>
     <span class='ocr_line' id='line_1_17' title="bbox 387 2154 658 2234; baseline -0.022 -10"><span class='ocrx_word' id='word_1_77' title='bbox 387 2163 438 2234; x_wconf 89' lang='grc'><strong>56.</strong></span> <span class='ocrx_word' id='word_1_78' title='bbox 461 2154 658 2221; x_wconf 87' lang='lat' dir='ltr'><strong>Andabatae</strong></span> 
     </span>
     <span class='ocr_line' id='line_1_18' title="bbox 388 2258 634 2328; baseline -0.004 -6"><span class='ocrx_word' id='word_1_79' title='bbox 388 2269 439 2328; x_wconf 89' lang='lat'><strong>57.</strong></span> <span class='ocrx_word' id='word_1_80' title='bbox 463 2258 634 2322; x_wconf 88' lang='lat' dir='ltr'><strong>Bimarcus</strong></span> 
     </span>
     <span class='ocr_line' id='line_1_19' title="bbox 386 2359 686 2445; baseline -0.01 -21"><span class='ocrx_word' id='word_1_81' title='bbox 386 2369 436 2431; x_wconf 88' lang='lat'><strong>58.</strong></span> <span class='ocrx_word' id='word_1_82' title='bbox 461 2359 686 2445; x_wconf 83' lang='lat' dir='ltr'><strong>Endymiones</strong></span> 
     </span>
     <span class='ocr_line' id='line_1_20' title="bbox 388 2460 659 2532; baseline -0.011 -6"><span class='ocrx_word' id='word_1_83' title='bbox 388 2471 438 2532; x_wconf 85' lang='lat'><strong>59.</strong></span> <span class='ocrx_word' id='word_1_84' title='bbox 461 2460 659 2526; x_wconf 85' lang='lat' dir='ltr'><strong>Eumenides</strong></span> 
     </span>
     <span class='ocr_line' id='line_1_21' title="bbox 387 2555 811 2645; baseline -0.019 -13"><span class='ocrx_word' id='word_1_85' title='bbox 387 2569 438 2632; x_wconf 84' lang='grc'><strong>66.</strong></span> <span class='ocrx_word' id='word_1_86' title='bbox 461 2555 811 2645; x_wconf 76' lang='grc' dir='ltr'><strong><em>Γεροντοδιὸάσκαλος</em></strong></span> 
     </span>
     <span class='ocr_line' id='line_1_22' title="bbox 388 2662 884 2736; baseline -0.022 0"><span class='ocrx_word' id='word_1_87' title='bbox 388 2673 439 2736; x_wconf 87' lang='grc'><strong>61.</strong></span> <span class='ocrx_word' id='word_1_88' title='bbox 462 2663 582 2730; x_wconf 71' lang='grc' dir='ltr'><strong><em>Γνῶθι</em></strong></span> <span class='ocrx_word' id='word_1_89' title='bbox 604 2662 750 2730; x_wconf 82' lang='grc' dir='ltr'><strong><em>σεαυτόν</em></strong></span> <span class='ocrx_word' id='word_1_90' title='bbox 881 2704 884 2714; x_wconf 83' lang='lat'><em>-</em></span> 
     </span>
     <span class='ocr_line' id='line_1_23' title="bbox 388 2766 856 2836; baseline -0.013 0"><span class='ocrx_word' id='word_1_91' title='bbox 388 2774 438 2836; x_wconf 83' lang='grc'><strong>62.</strong></span> <span class='ocrx_word' id='word_1_92' title='bbox 462 2766 621 2832; x_wconf 87' lang='lat' dir='ltr'><strong>Hercules</strong></span> <span class='ocrx_word' id='word_1_93' title='bbox 645 2775 735 2831; x_wconf 89' lang='lat' dir='ltr'><strong>tuam</strong></span> <span class='ocrx_word' id='word_1_94' title='bbox 757 2767 856 2830; x_wconf 89' lang='lat' dir='ltr'><strong>fidem</strong></span> 
     </span>
     <span class='ocr_line' id='line_1_24' title="bbox 390 2869 688 2938; baseline 0.01 -7"><span class='ocrx_word' id='word_1_95' title='bbox 390 2876 441 2938; x_wconf 87' lang='grc'><strong>63.</strong></span> <span class='ocrx_word' id='word_1_96' title='bbox 463 2869 535 2932; x_wconf 92' lang='lat' dir='ltr'><strong>Lex</strong></span> <span class='ocrx_word' id='word_1_97' title='bbox 557 2869 688 2934; x_wconf 88' lang='lat' dir='ltr'><strong>Maenia</strong></span> 
     </span>
     <span class='ocr_line' id='line_1_25' title="bbox 387 2970 592 3040; baseline -0.039 0"><span class='ocrx_word' id='word_1_98' title='bbox 387 2979 438 3040; x_wconf 85' lang='grc'><strong>64.</strong></span> <span class='ocrx_word' id='word_1_99' title='bbox 461 2970 592 3034; x_wconf 90' lang='lat' dir='ltr'><strong>Manius</strong></span> 
     </span>
     <span class='ocr_line' id='line_1_26' title="bbox 389 3071 629 3158; baseline -0.029 -17"><span class='ocrx_word' id='word_1_100' title='bbox 389 3080 440 3143; x_wconf 87' lang='grc'><strong>65.</strong></span> <span class='ocrx_word' id='word_1_101' title='bbox 462 3071 629 3158; x_wconf 88' lang='lat' dir='ltr'><strong>Marcipor</strong></span> 
     </span>
     <span class='ocr_line' id='line_1_27' title="bbox 387 3174 619 3258; baseline -0.039 -13"><span class='ocrx_word' id='word_1_102' title='bbox 387 3183 437 3244; x_wconf 91' lang='grc'><strong>66.</strong></span> <span class='ocrx_word' id='word_1_103' title='bbox 460 3174 619 3258; x_wconf 80' lang='lat' dir='ltr'><strong>Meleagri</strong></span> 
     </span>
     <span class='ocr_line' id='line_1_28' title="bbox 387 3275 593 3347; baseline -0.01 -6"><span class='ocrx_word' id='word_1_104' title='bbox 387 3284 437 3347; x_wconf 89' lang='grc'><strong>67.</strong></span> <span class='ocrx_word' id='word_1_105' title='bbox 460 3275 593 3341; x_wconf 86' lang='lat' dir='ltr'><strong>Modius</strong></span> 
     </span>
     <span class='ocr_line' id='line_1_29' title="bbox 389 3377 622 3464; baseline 0 -22"><span class='ocrx_word' id='word_1_106' title='bbox 389 3387 439 3448; x_wconf 87' lang='lat'><strong>68.</strong></span> <span class='ocrx_word' id='word_1_107' title='bbox 462 3377 622 3464; x_wconf 84' lang='lat' dir='ltr'><strong>Mysteria</strong></span> 
     </span>
     <span class='ocr_line' id='line_1_30' title="bbox 388 3471 679 3562; baseline -0.003 -20"><span class='ocrx_word' id='word_1_108' title='bbox 388 3488 439 3550; x_wconf 83' lang='lat'><strong>69.</strong></span> <span class='ocrx_word' id='word_1_109' title='bbox 453 3471 553 3552; x_wconf 81' lang='grc' dir='ltr'><strong><em>’Όνος</em></strong></span> <span class='ocrx_word' id='word_1_110' title='bbox 575 3473 679 3562; x_wconf 80' lang='grc' dir='ltr'><em>λύρας</em></span> 
     </span>
     <span class='ocr_line' id='line_1_31' title="bbox 387 3583 619 3652; baseline -0.03 -2"><span class='ocrx_word' id='word_1_111' title='bbox 387 3591 437 3652; x_wconf 86' lang='grc'><strong>70.</strong></span> <span class='ocrx_word' id='word_1_112' title='bbox 460 3583 619 3645; x_wconf 87' lang='lat' dir='ltr'><strong>Parmeno</strong></span> 
     </span>
     <span class='ocr_line' id='line_1_32' title="bbox 387 3677 732 3762; baseline -0.006 -16"><span class='ocrx_word' id='word_1_113' title='bbox 387 3693 436 3754; x_wconf 85' lang='lat'><strong>71.</strong></span> <span class='ocrx_word' id='word_1_114' title='bbox 460 3677 546 3761; x_wconf 79' lang='grc' dir='ltr'><strong>Περὶ</strong></span> <span class='ocrx_word' id='word_1_115' title='bbox 571 3679 732 3762; x_wconf 73' lang='grc' dir='ltr'><em>αἶρέσεων</em></span> 
     </span>
     <span class='ocr_line' id='line_1_33' title="bbox 387 3781 736 3867; baseline -0.026 -13"><span class='ocrx_word' id='word_1_116' title='bbox 387 3794 437 3856; x_wconf 82' lang='grc'><strong>72.</strong></span> <span class='ocrx_word' id='word_1_117' title='bbox 461 3781 547 3867; x_wconf 82' lang='grc' dir='ltr'><em>Περὶ</em></span> <span class='ocrx_word' id='word_1_118' title='bbox 570 3781 736 3865; x_wconf 79' lang='grc' dir='ltr'><strong>ἐξαγωγῆς</strong></span> 
     </span>
     <span class='ocr_line' id='line_1_34' title="bbox 387 3884 779 3958; baseline -0.026 0"><span class='ocrx_word' id='word_1_119' title='bbox 387 3895 438 3958; x_wconf 87' lang='grc'><strong>73.</strong></span> <span class='ocrx_word' id='word_1_120' title='bbox 461 3885 672 3952; x_wconf 85' lang='lat' dir='ltr'><strong>Prometheus</strong></span> <span class='ocrx_word' id='word_1_121' title='bbox 696 3884 779 3951; x_wconf 91' lang='lat' dir='ltr'><strong>liber</strong></span> 
     </span>
    </p>

    <p class='ocr_par' dir='ltr' id='par_1_5' title="bbox 291 3989 744 4277">
     <span class='ocr_line' id='line_1_35' title="bbox 291 3989 687 4075; baseline -0.02 -16"><span class='ocrx_word' id='word_1_122' title='bbox 291 3999 294 4005; x_wconf 88' lang='grc'>’</span> <span class='ocrx_word' id='word_1_123' title='bbox 386 4000 437 4060; x_wconf 88' lang='grc'><strong>74.</strong></span> <span class='ocrx_word' id='word_1_124' title='bbox 461 3989 687 4075; x_wconf 76' lang='lat' dir='ltr'><strong>Quinquatrus</strong></span> 
     </span>
     <span class='ocr_line' id='line_1_36' title="bbox 387 4091 702 4182; baseline -0.019 -22"><span class='ocrx_word' id='word_1_125' title='bbox 387 4101 437 4161; x_wconf 89' lang='grc'><strong>75.</strong></span> <span class='ocrx_word' id='word_1_126' title='bbox 462 4091 655 4175; x_wconf 84' lang='lat' dir='ltr'><strong>Sexagessis</strong></span> <span class='ocrx_word' id='word_1_127' title='bbox 700 4176 702 4182; x_wconf 20' lang='grc' dir='ltr'>Ι</span> 
     </span>
     <span class='ocr_line' id='line_1_37' title="bbox 386 4177 744 4277; baseline -0.017 -16"><span class='ocrx_word' id='word_1_128' title='bbox 386 4200 436 4263; x_wconf 91' lang='grc'><strong>76.</strong></span> <span class='ocrx_word' id='word_1_129' title='bbox 460 4191 599 4277; x_wconf 85' lang='lat' dir='ltr'><strong>Virgula</strong></span> <span class='ocrx_word' id='word_1_130' title='bbox 622 4177 744 4257; x_wconf 84' lang='lat' dir='ltr'><strong>diuina.</strong></span> 
     </span>
    </p>

    <p class='ocr_par' dir='ltr' id='par_1_6' title="bbox 124 4290 1260 4486">
     <span class='ocr_line' id='line_1_38' title="bbox 136 4290 1257 4381; baseline -0.004 -20"><span class='ocrx_word' id='word_1_131' title='bbox 136 4323 139 4334; x_wconf 93' lang='lat'>·</span> <span class='ocrx_word' id='word_1_132' title='bbox 207 4292 406 4381; x_wconf 76' lang='lat' dir='ltr'><strong>¹Nonnullae</strong></span> <span class='ocrx_word' id='word_1_133' title='bbox 431 4294 529 4358; x_wconf 86' lang='lat' dir='ltr'><strong>etiam</strong></span> <span class='ocrx_word' id='word_1_134' title='bbox 559 4294 786 4380; x_wconf 90' lang='lat' dir='ltr'><strong>inscriptiones</strong></span> <span class='ocrx_word' id='word_1_135' title='bbox 817 4290 937 4355; x_wconf 84' lang='lat' dir='ltr'><strong>saturis</strong></span> <span class='ocrx_word' id='word_1_136' title='bbox 967 4290 1136 4375; x_wconf 90' lang='lat' dir='ltr'><strong>addimus,</strong></span> <span class='ocrx_word' id='word_1_137' title='bbox 1170 4293 1257 4376; x_wconf 93' lang='lat' dir='ltr'><strong>quod</strong></span> 
     </span>
     <span class='ocr_line' id='line_1_39' title="bbox 124 4391 1260 4486; baseline -0.006 -22"><span class='ocrx_word' id='word_1_138' title='bbox 124 4395 323 4486; x_wconf 89' lang='lat' dir='ltr'><strong>prouerbiis</strong></span> <span class='ocrx_word' id='word_1_139' title='bbox 359 4404 527 4478; x_wconf 86' lang='lat' dir='ltr'><strong>constant,</strong></span> <span class='ocrx_word' id='word_1_140' title='bbox 570 4395 682 4483; x_wconf 90' lang='lat' dir='ltr'><strong>quales</strong></span> <span class='ocrx_word' id='word_1_141' title='bbox 715 4396 750 4459; x_wconf 94' lang='lat' dir='ltr'><strong>in</strong></span> <span class='ocrx_word' id='word_1_142' title='bbox 783 4393 1008 4479; x_wconf 87' lang='lat' dir='ltr'><strong>superioribus</strong></span> <span class='ocrx_word' id='word_1_143' title='bbox 1042 4391 1161 4458; x_wconf 82' lang='lat' dir='ltr'><strong>multas</strong></span> <span class='ocrx_word' id='word_1_144' title='bbox 1194 4393 1260 4459; x_wconf 90' lang='lat' dir='ltr'><strong>iam</strong></span> 
     </span>
    </p>
   </div>
   <div class='ocr_carea' id='block_1_3' title="bbox 0 0 1630 5294">
    <p class='ocr_par' dir='ltr' id='par_1_7' title="bbox 0 0 1630 5294">
     <span class='ocr_line' id='line_1_40' title="bbox 0 0 1630 5294; baseline 0 0"><span class='ocrx_word' id='word_1_145' title='bbox 0 0 1630 5294; x_wconf 95' lang='lat' dir='ltr'><strong> </strong></span> 
     </span>
    </p>
   </div>
  </div>
 </body>
</html>
