3280 5306
326 465 389 530 268
643 484 648 493 ·
771 471 975 529 Sllli'lltlll'ldl}

328 641 375 700 64.
411 641 516 700 Pauca
531 639 698 700 scientibus
715 637 824 700 eadam
839 639 915 719 ipsis
935 638 1039 700 taedio
1062 641 1151 700 liunt:
1169 637 1243 716 (65)
1258 640 1304 700 nil
1318 640 1363 700 illi
1378 648 1443 700 tae-

413 723 472 796 dio,
489 726 536 784 cui
552 725 805 804 inquirendorum
821 725 943 803 amplae
958 733 991 784 et
1004 725 1118 784 multae
1136 733 1246 804 patent
1259 726 1338 785 uiae.

328 812 376 869 66.
411 809 635 869 Pulcherrimns
656 809 740 869 locus
769 828 891 888 semper
912 809 1062 869 assidenti
1084 807 1208 869 odibilis
1234 817 1295 870 cst:
1329 809 1443 889 gaudet

413 902 522 954 natura
536 895 694 953 uarietate.

329 981 379 1038 67.
411 979 465 1040 Nil
479 979 674 1057 magnificum
690 977 821 1051 docebit,
841 979 892 1058 qui
909 999 927 1038 a
941 997 976 1038 se
991 978 1036 1037 nil
1054 977 1171 1039 didicit.

328 1066 378 1123 68.
405 1064 506 1140 ¹Falso
529 1065 665 1143 magistri
686 1072 903 1142 nuncupantur
923 1062 1094 1122 auditorum
1116 1071 1308 1124 narratores:
1333 1065 1377 1124 sic
1391 1083 1443 1123 au·

413 1147 519 1208 diendi
535 1157 615 1220 sunt,
632 1155 666 1207 ut
682 1148 734 1228 qui
748 1167 885 1208 rumores
899 1166 1063 1208 recensere
1078 1149 1153 1208 satis
1169 1147 1294 1208 ducunt.
1398 1179 1405 1192 ·

329 1236 378 1293 69.
412 1233 482 1293 Non
500 1232 742 1312 deprehenditur
755 1233 908 1292 mentiens
923 1233 956 1290 in
972 1233 1019 1292 his
1035 1251 1115 1312 quae
1130 1253 1220 1293 nemo
1237 1233 1335 1293 nouit.

329 1321 378 1378 70.
412 1318 546 1379 Virtutes
563 1337 602 1376 ex
615 1325 754 1396 tempore
769 1325 888 1376 mutant
903 1336 1010 1395 genus.

328 1404 378 1463 71.
412 1401 552 1480 Simplex
576 1401 821 1482 improbabilinm
842 1403 971 1461 assertio
986 1400 1144 1462 dementia
1159 1409 1220 1478 θεῖς
1244 1401 1310 1462 lans
1326 1401 1445 1462 infinita

412 1485 565 1566 probatio.

328 1573 376 1630 72.
410 1570 573 1632 Excedere
589 1591 779 1632 communem
794 1571 928 1632 omnium
942 1572 995 1631 uel
1012 1570 1144 1651 plurium
1159 1572 1365 1651 cognitionem
1380 1572 1444 1650 pul-

383 1687 387 1694 ·
413 1655 592 1715 cherrimnm
608 1665 663 1729 est,
681 1655 813 1718 simodo
829 1676 894 1716 non
908 1656 1037 1716 insanis.

328 1743 378 1800 73.
411 1741 541 1800 Aetates
568 1760 634 1800 curn
661 1759 765 1801 earum
790 1740 924 1801 moribus
949 1742 1059 1801 mutari
1085 1761 1149 1802 non
1169 1740 1270 1802 minus
1292 1739 1445 1800 laudabile

413 1844 503 1904 quam
518 1825 696 1885 honestum»

328 1911 379 1969 74.
412 1911 490 1970 Tam
510 1908 643 1969 ridenda
664 1911 696 1971 in
716 1930 792 1971 sene
819 1911 995 1989 puerilitas.
1022 1929 1114 1990 qnam
1139 1908 1387 1990 obstupescenda
1412 1909 1445 1967 in

411 2014 508 2074 puero
525 1995 705 2075 optimorum
720 2015 836 2055 morum
855 1996 1039 2056 constantia.

331 2085 381 2145 75.
414 2079 492 2152 Erit,
509 2079 591 2160 quod
608 2082 690 2140 omni
705 2081 842 2160 planum,
859 2081 1000 2142 oratione
1015 2079 1093 2140 nulli
1108 2077 1318 2159 aperiendum.

327 2167 376 2228 76.
410 2165 574 2245 Nunquam
590 2164 757 2244 prudentie
773 2162 889 2241 docuit,
910 2185 958 2224 res
974 2166 1058 2245 ipsas
1074 2164 1216 2241 consule;
1239 2165 1272 2224 in
1288 2164 1336 2224 his
1351 2182 1447 2240 nego-

411 2251 481 2310 tiari
497 2257 627 2329 oportet,
643 2251 670 2309 si
684 2268 790 2309 uerum
803 2251 851 2310 uis
868 2250 998 2310 eluceat.

328 2336 378 2399 77.
410 2335 481 2393 Hae
496 2353 545 2394 res
562 2355 625 2395 non
641 2343 721 2407 sunt,
738 2353 814 2414 quas
830 2334 992 2394 uerborum
1008 2334 1081 2395 fecit
1095 2343 1252 2394 uenustas.

328 2421 379 2484 78.
412 2420 451 2479 In
472 2419 593 2500 scriptis
614 2418 697 2500 quod
717 2438 822 2478 uerum
845 2427 893 2479 est
915 2439 954 2478 ex
974 2419 1114 2498 proximo
1136 2417 1333 2491 sumendum,
1356 2438 1448 2498 quum

413 2509 432 2574 †
448 2502 479 2562 id
497 2522 535 2563 ee
549 2523 613 2563 non
630 2505 796 2583 explicant.

330 2592 380 2653 79.
416 2587 520 2648 Odere
536 2588 623 2649 multi
639 2589 881 2669 philosophiam,
906 2589 990 2668 quia,
1016 2607 1108 2668 quum
1123 2590 1193 2648 sciri
1208 2586 1305 2648 multa
1320 2606 1450 2648 necesse

414 2674 463 2746 sit,
479 2693 543 2732 non
561 2682 607 2732 est
622 2694 670 2734 res
685 2681 773 2732 tanta
788 2675 848 2733 nisi
865 2673 974 2752 amplis
991 2681 1141 2734 contenta
1155 2673 1273 2753 spatiis.

329 2758 368 2821 79
379 2779 406 2818 a.
430 2757 532 2835 Quum
551 2757 628 2818 libet
642 2759 775 2836 euagcri,
798 2777 990 2838 quocumque
1006 2756 1080 2837 quid
1096 2757 1219 2818 dubium
1235 2766 1291 2828 est,
1306 2758 1386 2816 uiam
1401 2758 1450 2816 in·

412 2841 508 2902 uenit.
1038 2899 1042 2908 ,

328 2927 379 2989 80.
414 2926 627 3005 Spectaculum
648 2928 783 3006 sapienti
804 2927 1041 3007 pulcherrimum
1061 2927 1289 3007 philosophiam
1309 2925 1450 2986 inutilem

412 3011 612 3082 mentientes,
647 3013 792 3091 quoniam
825 3033 888 3072 non
921 3013 1084 3092 pollicetur
1107 3012 1245 3084 diuitias,
1279 3009 1447 3072 studiorum

412 3097 514 3158 finem.
550 3097 609 3156 Est
630 3105 730 3157 autem
750 3118 768 3157 e
788 3097 941 3158 contrario
962 3097 1138 3177 pollicitans
1159 3104 1368 3176 contemptum
1393 3097 1448 3153 im-

413 3199 579 3261 perrosum.

328 3285 379 3348 81.
412 3281 567 3344 Diadema
582 3284 732 3362 sapientis
752 3284 950 3362 philosophia
971 3283 1116 3363 qnoniam
1136 3283 1169 3341 in
1191 3289 1295 3343 mente
1316 3283 1376 3342 sita
1390 3289 1447 3352 est,

322 3399 327 3401 ·
412 3368 581 3448 praemium
603 3376 633 3427 et
653 3369 749 3426 menti
769 3367 969 3428 inserendum
988 3369 1153 3447 promittit;
1177 3368 1302 3426 fortuna
1317 3367 1448 3446 corpori,

413 3456 482 3533 ipsa
498 3454 578 3512 enim
594 3453 626 3511 in
643 3473 782 3534 corpore.
821 3453 912 3512 Hanc
931 3453 1105 3532 imperitum
1125 3451 1234 3529 uulgus
1249 3450 1350 3523 uidet,
1376 3451 1449 3530 quia

413 3538 477 3597 solo
493 3539 589 3597 utitur
604 3538 691 3597 oculo
707 3556 871 3618 corporeo,
894 3538 925 3596 in
944 3539 1193 3617 corporesitum,
1217 3555 1297 3615 quae
1313 3536 1448 3614 corporis

413 3630 484 3682 sunt
499 3623 736 3704 pollicitantem
760 3622 843 3681 illem
866 3630 966 3682 autem
982 3623 1141 3682 intuentur
1156 3641 1232 3702 quos
1253 3639 1340 3680 mens
1359 3619 1449 3678 altior

414 3709 521 3783 erexit,
538 3707 671 3767 studium
687 3707 838 3787 prouexit,
852 3705 1114 3802 oblectamentum
1130 3705 1262 3766 attraxit

328 3812 379 3868 82.
412 3809 584 3888 Imperabis
607 3809 745 3888 regibus,
767 3809 794 3868 si
815 3810 946 3890 imperes
969 3809 1124 3869 fortunae.
1154 3808 1218 3886 Qui
1233 3807 1334 3868 scies?
1368 3805 1449 3866 (lon-

412 3902 516 3953 temne
529 3894 639 3972 ipsam.

328 4078 361 4128 68
384 4078 472 4128 satis
496 4077 595 4142 scripsi
614 4079 721 4142 magis
743 4076 798 4128 ΑΡ.
822 4079 956 4130 Fortasse
975 4078 1101 4142 magni,
1130 4077 1170 4127 ef.
1195 4078 1252 4126 127.
1270 4102 1304 4110 -
1340 4076 1373 4125 74
1391 4073 1448 4124 ob-

329 4145 495 4210 stupenda
522 4145 569 4194 AP
608 4146 883 4210 obstupescenda
909 4147 1081 4197 Vincentius.
1101 4172 1133 4181 -
1189 4145 1221 4195 75
1246 4143 1404 4194 oratione
1429 4141 1450 4192 P

329 4219 421 4263 o'mne
446 4213 477 4266 Α.
498 4239 529 4248 -
571 4213 603 4264 76
621 4229 688 4263 rem
711 4213 817 4278 ipsam
836 4215 859 4264 A
878 4229 932 4264 res
956 4215 1050 4279 ipsas
1067 4213 1099 4262 P.
1118 4239 1151 4248 —
1180 4214 1213 4263 79
1232 4225 1328 4275 quum
1346 4209 1378 4270 P,
1398 4225 1450 4260 orn.

328 4282 360 4329 A.
374 4307 407 4316 —
421 4283 585 4330 contenta
604 4281 730 4347 spatiis
749 4285 916 4331 contenta
935 4281 966 4330 Α.
981 4308 1012 4316 -
1031 4279 1256 4346 'lilasegregaui
1274 4304 1309 4313 -—
1331 4279 1361 4328 81
1383 4279 1452 4328 sita

329 4348 352 4396 P
375 4349 483 4398 suan.
502 4349 770 4398 -inserendum
788 4350 811 4398 P
830 4347 967 4402 incend'
986 4349 1018 4397 A.
1038 4375 1071 4385 —
1089 4349 1159 4400 Num
1177 4348 1210 4398 in
1229 4345 1360 4396 studia?
1380 4350 1451 4396 stu·

331 4413 455 4464 diumA
473 4415 564 4466 istuc
581 4417 746 4467 uitnP.-
