3274 5296
634 468 760 526 capvt
783 469 793 524 l
1233 465 1275 530 47

156 651 219 716 que
241 629 329 694 forte
345 651 362 694 e
378 630 530 695 uersibus
554 629 777 715 fragmentum
798 633 968 698 remansit.
982 633 1006 720 ¹)
1026 671 1062 682 -
1084 633 1196 699 Verbo
1219 657 1275 722 po·

156 741 314 796 stremum
332 733 594 819 commemorabo
611 731 789 798 Mercklini
811 743 1029 799 commentum
1044 734 1101 821 qui
1123 735 1273 800 omnibus
1349 781 1354 792 .

156 833 276 898 saturis
306 855 326 898 a
356 832 507 899 Varrone
536 834 619 900 duos
648 834 778 916 titulos,
812 857 951 922 quorum
979 835 1062 902 alter
1089 857 1171 901 uoce
1199 832 1276 919 περὶ

154 925 335 1022 inceperit,
358 935 532 1022 impositos
555 957 627 1002 esse
649 957 732 1002 mus.
749 936 862 1024 philol.
879 937 949 1004 XII
972 960 1004 1025 p.
1021 945 1082 1008 372
1098 959 1169 1024 sqq.
1184 957 1275 1003 mon·

155 1043 261 1100 strare
284 1057 461 1122 aggressus
485 1046 546 1120 est,
570 1060 671 1125 quare
693 1039 814 1125 partim
835 1039 1067 1124 inscriptiones
1091 1037 1199 1104 adhuc
1220 1061 1275 1104 ex·

154 1147 264 1203 tantas
280 1137 328 1202 ita
342 1139 428 1204 inter
450 1161 485 1203 se
508 1139 658 1223 sociauit,
681 1149 717 1204 ut
738 1139 881 1205 euadant
897 1150 1027 1205 saturae
1043 1139 1275 1227 Sesqueulixes

154 1235 231 1322 περὶ
254 1238 427 1323 αἱρέσεων,
451 1239 644 1326 Sexagessis
667 1261 701 1306 π.
719 1240 896 1325 ἐξαγωγῆς,
918 1241 1033 1306 Nescis
1056 1241 1136 1329 quid
1156 1265 1275 1329 uesper

156 1365 249 1408 serus
269 1341 370 1407 uehat
386 1363 419 1406 π.
436 1336 639 1425 ἐδεσμάτων,
662 1343 784 1428 partim
805 1365 909 1410 nouas
930 1343 1158 1430 inscriptiones
1175 1345 1274 1410 animi

153 1465 256 1508 causa
277 1443 385 1526 finxit,
408 1453 446 1509 ut
467 1439 544 1526 περὶ
566 1437 675 1527 θήρας
696 1443 884 1530 Meleagria,
908 1465 941 1508 rr.
964 1441 1100 1528 τρόπων
1122 1445 1274 1512 Bimarco

153 1545 263 1630 (cuius
286 1544 333 1630 fg.
357 1545 411 1610 ΠΙ
441 1545 537 1611 nimis
566 1548 652 1611 serio
674 1546 810 1629 utitur),
844 1567 877 1610 π.
907 1547 1145 1631 σπονδαρχιῶν
1178 1549 1275 1635 Ταφῇ

151 1649 339 1710 Μενίππου
361 1645 474 1734 (quam
489 1647 603 1734 philol.
618 1647 709 1714 XIII
723 1672 755 1735 p.
773 1657 834 1720 724
852 1649 924 1735 ipse
938 1649 1067 1735 reiecit)
1082 1650 1272 1738 adponeret.

150 1748 248 1813 Haec
269 1747 440 1814 Vahlenus
469 1771 501 1835 p.
527 1759 587 1821 198
610 1772 681 1838 sqq.
712 1751 938 1835 copiosissime
960 1751 1134 1834 refutauit,
1162 1775 1273 1840 quam-

150 1872 252 1937 quam
274 1851 404 1936 copiose
428 1849 559 1935 singula
581 1849 757 1916 refutando
780 1852 840 1916 uix
869 1874 950 1938 opus
980 1863 1067 1936 erat,
1101 1874 1176 1919 cum
1203 1863 1273 1920 tota

149 1975 204 2016 res
227 1949 318 2016 nullo
339 1974 445 2039 neque
467 1962 603 2018 externo
627 1951 785 2032 librorum
808 1953 994 2020 testimonio
1017 1977 1121 2042 neque
1143 1956 1272 2021 interna

148 2051 386 2140 probabilitate
420 2051 532 2141 (q'uam
559 2076 599 2118 ne
622 2053 827 2120 Mercklinus
856 2055 988 2142 quidem
1018 2055 1270 2143 demonstrauit)

147 2156 290 2238 nitatur,
325 2149 384 2219 sed
411 2155 635 2220 tantummodo
665 2178 724 2241 pro
754 2156 981 2243 praeiudicata
1003 2157 1191 2243 opinatione
1213 2157 1269 2224 ha-

146 2255 262 2322 benda
284 2257 344 2339 sit,
367 2279 466 2344 quam
488 2257 517 2320 si
539 2258 780 2343 acciperemus,
805 2257 912 2323 Gellio
934 2281 1063 2346 quoque
1086 2258 1269 2342 nomencla-
1338 2313 1348 2332 ,

146 2358 216 2424 tori
232 2359 477 2423 accuratissimo
493 2397 535 2408 —
548 2368 585 2424 ut
600 2358 670 2444 ipse
686 2357 889 2423 Mereklinus
906 2357 927 2422 l.
944 2382 1020 2445 c.p.
1036 2369 1076 2428 44
1091 2359 1216 2424 iudicat
1227 2399 1269 2408 -

147 2461 232 2524 haec
255 2459 333 2524 fidei
355 2459 462 2546 gloria
483 2481 616 2547 prorsus
640 2470 862 2526 euanesceret.

235 2563 405 2627 Postremo
429 2561 652 2650 quaerendum
675 2572 741 2643 est,
771 2562 890 2648 quibus
913 2562 1114 2648 temporibus
1138 2573 1268 2629 saturas

146 2663 258 2728 Varro
287 2663 467 2750 scripserit.
521 2663 607 2728 Nam
634 2664 730 2730 breui
759 2662 868 2750 aliquo
903 2664 1058 2750 temporis
1093 2666 1200 2751 spatio
1228 2689 1268 2732 ne

146 2765 334 2830 Varronem
358 2765 490 2853 quidem
518 2756 579 2829 τὸν
604 2759 871 2849 βιβλιακάταταν
905 2763 1114 2851 (Plutarchus
1138 2765 1268 2832 Romuli

146 2890 176 2933 c.
192 2867 247 2952 12)
270 2864 372 2932 libros
396 2865 452 2932 CL
474 2867 708 2953 conscripsisse
730 2867 802 2932 ueri
824 2865 929 2932 simile
951 2877 1013 2932 est.
1044 2868 1135 2933 Talis
1158 2877 1268 2933 autem

146 2968 279 3054 generis
302 2967 404 3034 libros
429 2967 542 3055 utique
564 2967 737 3055 probabile
760 2979 809 3033 est
832 2992 922 3052 eum,
951 2967 1048 3033 simul
1070 2979 1170 3056 atque
1193 2992 1268 3036 con-

147 3070 291 3158 seripsit,
309 3069 421 3135 statim
437 3069 472 3134 in
486 3069 655 3156 publicum
670 3070 832 3154 emisisse3
855 3070 891 3135 id
905 3071 995 3156 quod
1010 3071 1141 3136 disertis
1156 3072 1268 3138 uerbis

147 3172 189 3238 de
217 3165 416 3258 Τρικαράνῳ
440 3171 611 3259 Appianus
635 3171 676 3237 de
697 3170 773 3238 bell.
790 3172 853 3236 cin.
876 3172 912 3237 II
935 3181 954 3242 9
976 3171 1163 3257 significare
1178 3170 1268 3237 uide-

146 3285 212 3339 tur.
260 3273 372 3354 Quare
395 3272 605 3356 Krahnerus‚
628 3273 685 3360 qui
709 3273 750 3338 de
772 3274 868 3339 Varr.
891 3271 1010 3358 philos.
1032 3297 1065 3359 p.
1091 3284 1141 3342 11.
1169 3274 1268 3338 Varr.

147 3375 247 3440 Curio
263 3398 295 3461 p.
316 3385 354 3446 18
378 3384 508 3440 saturas
531 3398 606 3442 eum
628 3397 693 3440 uno
716 3385 814 3461 partu
829 3373 971 3440 edidisse
987 3374 1134 3456 coniecit,
1158 3395 1268 3439 errare

145 3476 316 3564 putandus
331 3484 391 3542 est.
425 3475 665 3542 Testimonium
687 3477 820 3562 quidem
843 3475 998 3561 temporis
1021 3476 1153 3539 unicum
1175 3485 1268 3541 extat

139 3578 188 3643 -de
216 3575 433 3666 Τρικαράνῳ,
457 3579 514 3664 qui
536 3601 565 3643 a.
588 3602 620 3643 u.
644 3601 672 3644 e.
695 3586 757 3649 694
778 3578 831 3642 uel
854 3578 966 3642 statim
987 3586 1103 3664 postea
1125 3577 1266 3664 scriptus

147 3691 209 3761 est,
232 3679 276 3745 of.
292 3680 465 3766 Appianas
481 3679 502 3744 l.
520 3702 563 3745 c.:
588 3703 664 3745 nam
686 3701 770 3766 quae
793 3678 952 3745 Oehlerus
975 3703 1008 3766 p.
1025 3687 1065 3748 46
1081 3701 1151 3766 sqq.
1174 3701 1266 3766 prae-

146 3791 236 3847 terea
267 3781 490 3866 excogitauit,
524 3803 633 3865 nugae
662 3791 754 3863 sunt,
782 3781 860 3846 lieet
883 3780 925 3846 G.
947 3780 1093 3847 Boissier
1120 3781 1154 3844 in
1181 3780 1265 3845 libro

147 3881 289 3968 eleganti
311 3884 416 3967 magis
439 3905 537 3970 quam
559 3881 738 3964 elaborato,
763 3905 860 3968 quem
881 3881 1049 3946 academia
1070 3881 1265 3946 Parisiensis

147 4005 176 4048 a.
201 3993 284 4056 1859
307 3985 412 4071 pretio
436 3983 582 4068 donauit,
606 3984 659 4048 cui
681 3984 852 4069 inscripsit
874 3959 1001 4048 ‘litude
1024 4005 1080 4048 sur
1102 3981 1135 4046 la
1157 3983 1210 4048 vie
1233 3993 1267 4046 et

150 4141 288 4148 --—...--
305 4143 321 4148 -.
327 4143 351 4149 ..-

232 4239 258 4306 1)
278 4241 360 4292 Hunc
379 4241 478 4292 librum
500 4241 614 4292 eundern
629 4257 688 4292 esse
704 4245 785 4306 atque
804 4231 1060 4291 Κναοδιάδσκαλον
1079 4233 1205 4302 (deado)
1224 4239 1264 4289 in-

145 4323 309 4377 felicissime
329 4327 489 4377 Krahncrus
507 4326 577 4377 diar.
596 4328 682 4392 antiq.
701 4327 756 4377 litt.
777 4327 841 4377 1852
860 4343 887 4392 p.
905 4326 956 4375 394
974 4324 1106 4376 coniecit.
1137 4325 1263 4376 Saturam

149 4423 211 4460 esso
228 4410 406 4462 Vollbehrius
425 4426 532 4477 quoque
551 4413 660 4478 putauit
677 4411 746 4462 ibId.
766 4413 874 4476 18471).
894 4413 951 4460 521.
