3274 5296
328 461 369 525 14
800 465 926 523 CAPVT
955 466 966 522 1
1033 470 1035 475 ’

326 630 548 716 disputatione
571 630 753 710 ostendere,
770 630 871 694 uerbo
894 628 947 694 hic
964 628 1168 714 significasse
1191 627 1350 712 sufficiat;
1373 628 1440 692 iam

249 802 252 807 ,
325 753 403 796 uero
427 754 500 796 cum
519 731 671 796 uersibus
699 731 889 816 Menippum
912 752 1038 816 quoque
1068 751 1164 792 usum
1187 751 1259 793 esse
1282 751 1440 815 exposue-

324 834 403 914 rim,
426 833 623 918 respondere
650 831 742 914 lieet,
770 840 943 917 utrumque
971 831 1036 896 fide
1058 831 1160 915 digna
1182 852 1314 895 narrare
1335 852 1440 917 neque

324 957 379 1000 eos
401 934 523 998 interse
545 955 623 997 uere
647 932 839 1014 dissentire,
863 933 921 996 sed
943 955 1001 1018 pro
1025 932 1160 998 consilio
1184 954 1242 997 suo
1264 941 1440 1019 utrumque

324 1035 412 1122 quod
440 1036 470 1099 ei
498 1058 563 1100 non
589 1035 810 1098 necessarium
838 1034 945 1098 uisum
973 1044 1023 1099 est
1045 1034 1208 1118 omisisse;
1238 1033 1273 1098 id
1295 1033 1383 1119 quod
1405 1035 1440 1096 in

323 1137 424 1203 Probi
439 1137 561 1218 uerbis,
577 1145 614 1200 ut
636 1137 693 1222 qui
714 1158 782 1200 rem
804 1136 989 1220 grauiorem
1012 1135 1169 1220 omiserit,
1192 1133 1347 1199 leuiorem
1370 1145 1439 1198 tan-

323 1248 392 1302 tum
422 1238 698 1320 commemorarit,
732 1258 796 1301 non
824 1237 889 1323 ipsi
915 1237 1127 1321 grammatico
1157 1237 1217 1300 sed
1239 1236 1438 1322 excerptoris

322 1338 550 1424 neglegentiae
572 1339 686 1426 eulpae
717 1339 861 1403 dandum
894 1361 1020 1405 censeo.
1077 1339 1187 1420 Quum
1219 1361 1297 1403 uero
1336 1359 1440 1423 nuper
1480 1325 1482 1330 ¹

324 1441 471 1505 extiterit
492 1441 548 1526 qui
575 1440 720 1506 Probum
744 1440 784 1505 de
807 1441 964 1526 Menippo
988 1440 1118 1526 quidem
1146 1439 1234 1503 dicat
1261 1438 1347 1502 falsa
1367 1461 1439 1502 nar·

322 1564 412 1623 rare,
436 1542 477 1606 de
498 1541 648 1606 Varrone
671 1551 780 1605 autem
802 1565 881 1606 uera
888 1591 897 1624 ,
927 1542 985 1606 scd
1007 1541 1105 1626 longe
1132 1540 1227 1606 aliter
1249 1550 1346 1625 atque
1369 1539 1439 1604 fieri

202 1685 205 1693 ι
323 1641 407 1706 solet
428 1641 683 1726 intellegendum
705 1665 792 1725 esse,
821 1645 1005 1728 ita'nempe
1026 1652 1064 1706 ut
1085 1641 1154 1706 sola
1182 1643 1362 1706 carminum
1383 1663 1439 1704 ua-

322 1743 438 1807 rietate
451 1742 634 1807 Varronem
649 1745 765 1808 satiras
783 1766 860 1808 suas
877 1745 1082 1808 contexuisse
1097 1765 1292 1830 prosamque
1308 1744 1438 1806 omnino

323 1844 452 1910 abillis
476 1843 617 1909 alienam
640 1869 711 1910 esse
734 1846 855 1928 tradat,
878 1846 960 1910 haec
981 1847 1046 1909 iam
1069 1846 1219 1932 quaestio
1242 1844 1439 1929 grauissima

322 1983 365 1994 -
378 1969 443 2010 non
465 1957 575 2010 autem
596 1958 633 2012 ut
655 1969 750 2034 spero
775 1946 973 2014 difficillima
986 1936 1201 2011 -soluenda
1217 1947 1288 2011 erit.
1312 1946 1437 2010 Versus

323 2049 410 2112 enim
431 2047 590 2112 Varronis
620 2049 739 2113 saturis
758 2051 876 2116 inesse
905 2051 1004 2112 etiam
1032 2050 1060 2112 si
1088 2048 1160 2133 quis
1188 2047 1269 2133 ipsis
1292 2046 1437 2133 reliquiis

323 2148 490 2214 diffideret
512 2172 532 2213 a
547 2149 655 2214 Gellio
677 2159 787 2214 tamen
803 2151 992 2214 edoceretur
1008 2149 1073 2237 (VI
1089 2150 1142 2237 16)
1160 2148 1303 2214 senarios
1327 2169 1439 2211 earum

321 2272 436 2315 uersus
465 2259 753 2335 commemorante3
782 2251 867 2315 adde
894 2251 1037 2317 Nonium
1058 2273 1090 2336 p.
1115 2258 1193 2330 503,
1219 2259 1273 2332 133
1305 2258 1355 2317 22.
1392 2250 1439 2312 At

285 2357 287 2362 '
322 2375 387 2417 non
409 2353 545 2440 perinde
569 2353 609 2418 de
630 2374 729 2439 prosa
749 2376 876 2439 quoque
892 2362 978 2417 certo
994 2352 1194 2432 testimonie,
1209 2351 1275 2416 nisi
1290 2353 1334 2416 sit
1347 2351 1437 2416 locus

323 2454 469 2519 eProbo
493 2454 623 2538 allatus,
646 2465 786 2519 constat.
824 2455 941 2541 Itaque
957 2453 1158 2541 Theophilus
1174 2453 1342 2540 Roeperus
1365 2473 1439 2516 cum

322 2577 380 2641 per
403 2557 531 2620 aestiua
553 2557 620 2621 otia
643 2565 828 2620 saturarum
842 2555 997 2642 reliquias
1013 2555 1207 2642 perlegisset
1222 2565 1319 2642 atque
1341 2551 1437 2616 nullis

323 2657 454 2742 quidem
475 2657 573 2722 certis
595 2680 675 2721 usus
705 2657 904 2742 argumentis
934 2657 991 2721 sed
1020 2679 1119 2722 sensu
1148 2655 1291 2743 quodam
1320 2654 1437 2719 ductus
1517 2728 1522 2734 ,

322 2757 514 2842 fragmentis
543 2759 693 2823 omnibus
721 2782 878 2824 uersuum
910 2759 1071 2844 impressa
1100 2781 1172 2822 csse
1204 2757 1346 2841 uestigia
1374 2755 1439 2821 sibi

321 2859 413 2923 uisus
432 2868 518 2924 esset
539 2858 817 2943 animaduertere,
841 2860 951 2924 statim
974 2860 1143 2945 ‘poetandi
1166 2860 1307 2944 quadam
1330 2855 1438 2922 dulce-

323 2959 416 3024 dine'
444 2961 624 3043 adductus,
657 2971 694 3027 ut
719 2963 789 3048 ipse
810 2962 951 3048 ingenue
973 2961 1110 3043 fatetur,
1143 2983 1258 3025 uersus
1282 2981 1357 3025 suos
1379 2980 1439 3044 per

226 3145 227 3150 ἵ
322 3062 468 3146 singulas
489 3063 646 3149 reliquias
668 3063 813 3129 Varroni
834 3065 1008 3128 restituere
1038 3085 1212 3148 aggressus
1236 3072 1286 3125 est
1309 3057 1436 3147 (philol.

322 3162 375 3226 IX
390 3172 452 3233 223
469 3164 554 3250 sqq.)
569 3164 756 3250 instititque
779 3165 809 3229 ei
831 3166 962 3250 negotio
984 3166 1019 3227 in
1040 3164 1153 3229 multis
1177 3174 1274 3250 atque
1297 3162 1436 3248 copiosis

322 3264 538 3352 uerbosisque
559 3264 666 3330 hercle
690 3267 979 3352 disputationibus
996 3288 1078 3352 quae
1100 3264 1256 3352 philologi
1277 3262 1357 3328 uoll.
1374 3262 1436 3326 IX.

322 3367 399 3431 XV.
423 3367 536 3432 XVII.
566 3367 687 3432 XVIII
715 3379 815 3454 atque
839 3368 1092 3454 programmatis
1122 3366 1376 3432 Gedanensibus
1406 3375 1438 3428 et

322 3469 503 3533 saecularia
535 3469 694 3534 indicenti
724 3493 754 3534 a.
784 3479 864 3540 1858
898 3470 986 3536 edito
1021 3481 1053 3534 et
1082 3467 1255 3533 annalibus
1284 3490 1313 3531 a.
1344 3475 1436 3536 1858.

324 3579 415 3640 1861.
440 3581 521 3642 1862
550 3572 583 3634 in
604 3571 772 3656 publicum
801 3572 928 3636 emissis
958 3573 1174 3636 continentur.
1227 3570 1335 3649 Quam
1365 3591 1436 3632 sen-

321 3673 457 3736 tentiam
485 3675 635 3758 quamuis
673 3675 745 3758 ipse
773 3684 966 3757 argumento
994 3696 1073 3738 usus
1101 3695 1167 3737 non
1193 3671 1290 3734 nimis
1320 3668 1436 3750 solido,
1485 3729 1493 3740 ,

322 3775 448 3837 aurium
472 3772 543 3838 dico
567 3774 698 3853 iudicio,
723 3775 922 3860 conceperit,
945 3798 1022 3840 mox
1044 3785 1156 3840 tamen
1178 3783 1210 3837 et
1234 3771 1380 3837 Vahleno
1403 3780 1436 3835 et

320 3874 516 3958 Ribbeckio,
541 3898 677 3961 quorum
698 3875 752 3940 ille
775 3876 809 3939 in
831 3876 1048 3941 coniectaneis'
1070 3875 1104 3938 in
1126 3873 1284 3938 Varronis
1308 3882 1435 3937 saturas

319 3978 511 4064 Menippeas
528 3977 556 4042 a.
576 3983 657 4048 1858
673 3977 780 4058 editis,
796 3977 849 4040 hic
864 3978 899 4040 in
913 4000 997 4041 mus.
1013 3975 1124 4062 philol.
1141 3975 1226 4040 XIV
1242 3983 1348 4062 p.102
1365 3997 1434 4060 sqq.

320 4081 434 4145 eodem
456 4081 507 4143 usi
530 4087 607 4144 sunt
629 4078 841 4144 fundamento
858 4079 915 4142 sed
935 4080 970 4141 in
986 4076 1211 4142 discernendis
1227 4075 1433 4162 pedestribus

321 4204 340 4243 a
362 4182 498 4266 poeticis
521 4182 727 4266 fragmentis,
750 4203 848 4267 quam
869 4180 1000 4244 incertis
1023 4177 1137 4242 i'ulcris
1161 4178 1343 4242 innitantur
1365 4177 1435 4262 ipsc

321 4285 450 4368 saepius
474 4283 595 4348 obiecit
618 4282 674 4367 (cf.
691 4283 867 4369 praecipue
881 4279 993 4367 philol.
1010 4279 1114 4344 XVII
1130 4289 1169 4349 69
1185 4279 1284 4365 sqq).
1315 4278 1436 4352 Postea

319 4405 397 4448 uero
426 4406 445 4446 a
472 4383 672 4448 Buechelero
707 4384 803 4466 (mus.
831 4381 941 4468 philol.
971 4380 1056 4451 XIV
1090 4382 1165 4463 419)
1204 4379 1302 4442 trium
1334 4378 1436 4444 Probi
