3246 5300
631 501 836 558 LOGlS'lORlCl

645 662 819 728 MARIVS

607 767 665 830 De
686 765 855 831 fortuna
883 797 884 804 ¹

262 971 370 1038 Schol.
399 957 521 1036 Veron.
550 970 584 1032 in
612 971 696 1036 Aen.
725 968 794 1034 VII
816 977 875 1040 681
906 969 985 1034 ‘Hic
1009 967 1199 1054 (Caeculus)
1228 968 1291 1034 col-

177 1075 315 1140 lectioiis
337 1074 525 1160 pastoribus
542 1073 719 1136 Praeneste
740 1071 903 1135 fundauit.
941 1071 1039 1135 Hunc
1054 1070 1161 1138 Varro
1185 1092 1205 1135 a
1226 1071 1292 1135 De-

176 1177 276 1262 pidiis
300 1174 488 1262 pastoribus
518 1173 693 1239 educatum
720 1173 848 1261 ipsique
875 1172 1018 1258 Depidio
1046 1196 1164 1238 nornen
1185 1173 1291 1238 fuisse

177 1288 209 1342 et
232 1288 483 1363 cognomentum
499 1275 639 1341 Caeculo
662 1273 764 1340 tradit
786 1274 870 1341 libro
892 1276 948 1362 qui
962 1275 1152 1341 inscribitur
1166 1275 1290 1340 Marius

179 1387 236 1443 aut
259 1379 300 1444 de
321 1379 477 1444 fortuna?

260 1600 447 1667 Macrobius
469 1599 548 1685 [Sat.
572 1599 626 1663 ΙΙΙ
650 1609 705 1681 18,
730 1607 749 1668 6
778 1599 858 1663 ‘Est
881 1610 991 1664 autem
1011 1599 1099 1665 natio
1121 1600 1290 1666 hominum

177 1702 272 1766 iuxta
299 1723 414 1787 agrum
442 1701 706 1781 Praenestinum,
741 1701 798 1786 qui
833 1701 999 1766 Carsitani
1031 1713 1192 1769 uocantur
1225 1691 1291 1764 ἀπὸ

174 1804 244 1866 τῶν
271 1793 424 1885 aspriora,
454 1802 545 1866 cuius
573 1803 622 1866 rei
649 1803 796 1867 meminit
823 1803 927 1867 Varro
955 1805 988 1866 in
1016 1803 1205 1889 logistorico
1235 1804 1290 1890 qui

175 1904 365 1971 inscribitur
388 1903 513 1968 Marius
538 1903 578 1968 de
601 1905 757 1969 fortuna)

369 1999 378 2026 l
530 2029 532 2033 ,

628 2107 838 2173 MESSALA

462 2252 463 2255 =
572 2210 629 2274 De
651 2208 892 2274 ualetudine

267 2313 393 2379 Probus
417 2313 451 2376 in
472 2312 575 2396 Verg.
599 2310 656 2375 ecl.
681 2320 717 2394 6,
737 2319 778 2396 Ι31
804 2334 836 2397 p·
861 2312 966 2380 2014.
996 2311 1115 2378 ‘Varro
1138 2312 1236 2376 etiam
1257 2313 1292 2375 in

180 2414 371 2500 logistorico
395 2437 491 2502 quem
512 2415 680 2500 inscripsit
700 2412 844 2477 Messala
867 2414 907 2477 de
930 2414 1129 2494 ualetudine,
1153 2415 1212 2486 ait,
1236 2437 1291 2478 an·

177 2519 286 2602 tiquos
317 2526 464 2601 agrestes
493 2515 635 2579 uenandi
663 2516 803 2600 peritos,
832 2538 904 2580 cum
932 2514 1107 2602 plurimum
1137 2517 1171 2578 in
1200 2515 1291 2581 siluis

181 2629 332 2702 agerent,
365 2616 452 2703 quod
479 2615 581 2682 ueluti
612 2618 722 2680 Diana
749 2619 831 2682 duce
859 2619 900 2682 ad
928 2617 1176 2702 inuestigandas
1203 2621 1291 2682 feras

177 2717 263 2782 solas
286 2727 319 2782 et
341 2716 453 2782 deuias
477 2716 578 2782 siluas
594 2728 752 2804 peterent,
774 2719 959 2784 Deuianam
974 2719 1158 2807 appellasse
1173 2718 1290 2801 Deam,

177 2843 254 2885 mox
274 2807 419 2884 Diauam
446 2820 534 2906 quod
562 2819 807 2906 intellegerent,
837 2823 973 2887 eandem
1002 2845 1074 2887 esse
1097 2845 1181 2909 quae
1205 2822 1291 2886 diem

176 2923 389 2989 nascentibus
414 2922 531 2986 daret’

660 3111 805 3179 NEPOS

262 3209 430 3276 Charisius
447 3235 477 3298 p.
495 3223 535 3282 59
559 3212 678 3279 ‘Varro
702 3217 736 3278 in
751 3215 878 3300 Nepote
893 3215 973 3280 haec
990 3237 1165 3301 praesepes
1184 3214 1289 3280 dixit’
1329 3225 1332 3229 '

636 3416 837 3482 ORESTES

555 3528 557 3532 ’
613 3520 671 3584 De
693 3519 855 3608 insania

262 3612 388 3683 Gellius
412 3617 500 3684 XIII
523 3631 542 3690 4
570 3621 627 3685 ‘In
649 3619 734 3686 libro
762 3621 807 3686 M.
830 3620 1007 3704 Varronis,
1036 3623 1092 3710 qui
1114 3623 1290 3709 inscriptus

177 3729 227 3784 cst
250 3720 383 3785 Orestes
412 3720 466 3785 uel
495 3722 534 3786 de
556 3722 701 3804 insania,
731 3721 959 3810 Olympiadem
986 3724 1130 3812 Philippi
1156 3748 1292 3790 uxorem

177 3816 389 3888 festiuissime
412 3823 621 3910 rescripsisse
643 3822 781 3909 legimus
798 3825 986 3891 Alexandro
1009 3827 1087 3891 filio.
1116 3815 1201 3890 Nam
1217 3849 1290 3891 cum

177 3923 204 3986 is
228 3925 270 3989 ad
294 3933 431 3990 matrem
453 3927 500 3991 ita
523 3927 725 4012 scripsisset:
751 3927 835 3992 ‘Rex
858 3926 1057 4010 Alexander,
1083 3926 1290 3994 louis-Ham-

177 4027 282 4090 monis
308 4025 411 4108 filius,
436 4026 626 4116 Olympiadi
649 4030 746 4093 matri
770 4029 908 4094 salutem
931 4029 1035 4112 dicit’,
1073 4029 1244 4118 Olympias
1261 4030 1290 4096 ei
1370 4065 1381 4075 -

180 4129 347 4215 rescripsit
380 4129 422 4193 ad
459 4131 556 4198 hanc,
578 4131 789 4196 sententiam:
824 4132 988 4197 ‘Amabo’
1011 4132 1119 4220 inquit
1148 4135 1210 4197 ‘mi
1232 4131 1289 4218 fili,
1400 4121 1405 4128 ’

179 4229 325 4312 quiescas
348 4253 452 4317 neque
475 4232 604 4297 deferas
636 4256 687 4298 me
710 4254 814 4320 noque
841 4234 1012 4299 criminere
1039 4235 1215 4301 aduersum
1238 4236 1289 4300 Iu·

178 4349 311 4414 nonem3
341 4330 462 4398 malum
489 4335 568 4398 mihi
597 4357 730 4422 prorsus
759 4335 816 4399 illa
838 4357 993 4422 magnum
1022 4337 1129 4419 dabit,
1159 4359 1231 4402 cum
1253 4351 1289 4403 tu

181 4451 231 4546 me
255 4429 372 4496 litteris
395 4435 459 4498 tuis
484 4435 621 4520 pelicem
645 4461 715 4502 csso
739 4436 787 4502 illi
810 4429 1000 4505 confiteris’
1180 4521 1201 4564 ι
