<?xml version="1.0" encoding="UTF-8"?>
<!DOCTYPE html PUBLIC "-//W3C//DTD XHTML 1.0 Transitional//EN"
    "http://www.w3.org/TR/xhtml1/DTD/xhtml1-transitional.dtd">
<html xmlns="http://www.w3.org/1999/xhtml" xml:lang="en" lang="en">
 <head>
  <title>
</title>
<meta http-equiv="Content-Type" content="text/html;charset=utf-8" />
  <meta name='ocr-system' content='tesseract 3.04.00' />
  <meta name='ocr-capabilities' content='ocr_page ocr_carea ocr_par ocr_line ocrx_word'/>
</head>
<body>
  <div class='ocr_page' id='page_1' title='image "./mterentivarroni00riesgoog_0106.png"; bbox 0 0 3326 5304; ppageno 0'>
   <div class='ocr_carea' id='block_1_1' title="bbox 713 421 1359 520">
    <p class='ocr_par' dir='ltr' id='par_1_1' title="bbox 713 421 1359 520">
     <span class='ocr_line' id='line_1_1' title="bbox 713 421 1359 520; baseline 0.006 -4"><span class='ocrx_word' id='word_1_1' title='bbox 713 459 844 517; x_wconf 74' lang='lat' dir='ltr'>olevr</span> <span class='ocrx_word' id='word_1_2' title='bbox 866 459 889 516; x_wconf 91' lang='lat' dir='ltr'>n</span> <span class='ocrx_word' id='word_1_3' title='bbox 1107 421 1109 430; x_wconf 44' lang='lat'><strong>¹</strong></span> <span class='ocrx_word' id='word_1_4' title='bbox 1317 453 1359 520; x_wconf 86' lang='lat'>85</span> 
     </span>
    </p>
   </div>
   <div class='ocr_carea' id='block_1_2' title="bbox 216 621 1391 4072">
    <p class='ocr_par' dir='ltr' id='par_1_2' title="bbox 216 621 1391 4072">
     <span class='ocr_line' id='line_1_2' title="bbox 237 621 1358 714; baseline -0.004 -20"><span class='ocrx_word' id='word_1_5' title='bbox 237 648 351 694; x_wconf 90' lang='lat' dir='ltr'>uersus</span> <span class='ocrx_word' id='word_1_6' title='bbox 368 625 499 714; x_wconf 89' lang='lat' dir='ltr'>quidem</span> <span class='ocrx_word' id='word_1_7' title='bbox 514 623 606 690; x_wconf 86' lang='lat' dir='ltr'>tieret</span> <span class='ocrx_word' id='word_1_8' title='bbox 621 622 802 710; x_wconf 76' lang='lat' dir='ltr'>elegantior</span> <span class='ocrx_word' id='word_1_9' title='bbox 822 621 884 687; x_wconf 86' lang='lat' dir='ltr'>hae</span> <span class='ocrx_word' id='word_1_10' title='bbox 906 645 941 686; x_wconf 89' lang='lat' dir='ltr'>re</span> <span class='ocrx_word' id='word_1_11' title='bbox 957 629 1102 708; x_wconf 80' lang='lat' dir='ltr'>accepta,</span> <span class='ocrx_word' id='word_1_12' title='bbox 1124 621 1259 689; x_wconf 89' lang='lat' dir='ltr'>nimium</span> <span class='ocrx_word' id='word_1_13' title='bbox 1280 644 1358 690; x_wconf 88' lang='lat' dir='ltr'>uero</span> 
     </span>
     <span class='ocr_line' id='line_1_3' title="bbox 238 724 1360 813; baseline -0.005 -15"><span class='ocrx_word' id='word_1_14' title='bbox 238 726 400 798; x_wconf 88' lang='lat' dir='ltr'>eiusmodi</span> <span class='ocrx_word' id='word_1_15' title='bbox 421 727 556 794; x_wconf 88' lang='lat' dir='ltr'>libertas</span> <span class='ocrx_word' id='word_1_16' title='bbox 580 725 772 792; x_wconf 85' lang='lat' dir='ltr'>aVarronis</span> <span class='ocrx_word' id='word_1_17' title='bbox 794 724 940 791; x_wconf 88' lang='lat' dir='ltr'>moribus</span> <span class='ocrx_word' id='word_1_18' title='bbox 963 724 1138 790; x_wconf 89' lang='lat' dir='ltr'>abhorreat</span> <span class='ocrx_word' id='word_1_19' title='bbox 1159 746 1360 813; x_wconf 83' lang='lat' dir='ltr'>caesuraque</span> 
     </span>
     <span class='ocr_line' id='line_1_4' title="bbox 238 824 1359 916; baseline -0.001 -18"><span class='ocrx_word' id='word_1_20' title='bbox 238 855 302 900; x_wconf 90' lang='lat' dir='ltr'>non</span> <span class='ocrx_word' id='word_1_21' title='bbox 323 833 359 896; x_wconf 92' lang='lat' dir='ltr'>in</span> <span class='ocrx_word' id='word_1_22' title='bbox 384 827 529 895; x_wconf 87' lang='lat' dir='ltr'>medium</span> <span class='ocrx_word' id='word_1_23' title='bbox 554 850 687 894; x_wconf 91' lang='lat' dir='ltr'>uersum</span> <span class='ocrx_word' id='word_1_24' title='bbox 709 827 954 916; x_wconf 85' lang='lat' dir='ltr'>anapaestioum</span> <span class='ocrx_word' id='word_1_25' title='bbox 974 824 1107 910; x_wconf 86' lang='lat' dir='ltr'>cadens,</span> <span class='ocrx_word' id='word_1_26' title='bbox 1130 849 1227 914; x_wconf 89' lang='lat' dir='ltr'>quam</span> <span class='ocrx_word' id='word_1_27' title='bbox 1249 850 1359 897; x_wconf 91' lang='lat' dir='ltr'>mono·</span> 
     </span>
     <span class='ocr_line' id='line_1_5' title="bbox 237 928 1360 1017; baseline -0.003 -18"><span class='ocrx_word' id='word_1_28' title='bbox 237 932 375 1000; x_wconf 79' lang='lat' dir='ltr'>metrica</span> <span class='ocrx_word' id='word_1_29' title='bbox 396 929 453 997; x_wconf 86' lang='lat' dir='ltr'>illa</span> <span class='ocrx_word' id='word_1_30' title='bbox 475 952 627 996; x_wconf 86' lang='lat' dir='ltr'>mensura</span> <span class='ocrx_word' id='word_1_31' title='bbox 649 928 744 1013; x_wconf 92' lang='lat' dir='ltr'>tollit,</span> <span class='ocrx_word' id='word_1_32' title='bbox 768 951 788 994; x_wconf 89' lang='lat' dir='ltr'>a</span> <span class='ocrx_word' id='word_1_33' title='bbox 808 928 961 995; x_wconf 84' lang='lat' dir='ltr'>Varrone</span> <span class='ocrx_word' id='word_1_34' title='bbox 976 951 1017 994; x_wconf 92' lang='lat' dir='ltr'>ne</span> <span class='ocrx_word' id='word_1_35' title='bbox 1040 928 1147 995; x_wconf 89' lang='lat' dir='ltr'>aliena</span> <span class='ocrx_word' id='word_1_36' title='bbox 1168 929 1299 1017; x_wconf 88' lang='lat' dir='ltr'>quidem</span> <span class='ocrx_word' id='word_1_37' title='bbox 1316 931 1360 996; x_wconf 90' lang='lat' dir='ltr'>sit</span> 
     </span>
     <span class='ocr_line' id='line_1_6' title="bbox 240 1029 1359 1123; baseline -0.004 -23"><span class='ocrx_word' id='word_1_38' title='bbox 240 1034 297 1123; x_wconf 84' lang='lat' dir='ltr'>(ol.</span> <span class='ocrx_word' id='word_1_39' title='bbox 319 1033 396 1102; x_wconf 90' lang='lat' dir='ltr'>Del.</span> <span class='ocrx_word' id='word_1_40' title='bbox 421 1041 487 1108; x_wconf 78' lang='lat' dir='ltr'>aut.</span> <span class='ocrx_word' id='word_1_41' title='bbox 511 1055 572 1100; x_wconf 89' lang='lat' dir='ltr'>ser.</span> <span class='ocrx_word' id='word_1_42' title='bbox 596 1054 629 1098; x_wconf 82' lang='lat' dir='ltr'>u.</span> <span class='ocrx_word' id='word_1_43' title='bbox 652 1039 682 1100; x_wconf 82' lang='lat'>2.</span> <span class='ocrx_word' id='word_1_44' title='bbox 706 1039 735 1101; x_wconf 84' lang='lat'>6.</span> <span class='ocrx_word' id='word_1_45' title='bbox 758 1030 796 1096; x_wconf 90' lang='lat' dir='ltr'>L.</span> <span class='ocrx_word' id='word_1_46' title='bbox 821 1029 998 1098; x_wconf 84' lang='lat' dir='ltr'>Muellerus</span> <span class='ocrx_word' id='word_1_47' title='bbox 1026 1054 1057 1119; x_wconf 87' lang='lat' dir='ltr'>p.</span> <span class='ocrx_word' id='word_1_48' title='bbox 1081 1032 1170 1118; x_wconf 81' lang='lat'>203).</span> <span class='ocrx_word' id='word_1_49' title='bbox 1207 1031 1359 1099; x_wconf 78' lang='lat' dir='ltr'>Ceterum</span> 
     </span>
     <span class='ocr_line' id='line_1_7' title="bbox 239 1123 1224 1222; baseline -0.005 -17"><span class='ocrx_word' id='word_1_50' title='bbox 239 1138 282 1205; x_wconf 86' lang='lat' dir='ltr'>ef.</span> <span class='ocrx_word' id='word_1_51' title='bbox 305 1135 473 1202; x_wconf 88' lang='lat' dir='ltr'>Vahlenus</span> <span class='ocrx_word' id='word_1_52' title='bbox 496 1157 528 1222; x_wconf 86' lang='lat' dir='ltr'>p.</span> <span class='ocrx_word' id='word_1_53' title='bbox 553 1143 594 1205; x_wconf 87' lang='lat'>60</span> <span class='ocrx_word' id='word_1_54' title='bbox 618 1157 666 1222; x_wconf 86' lang='lat' dir='ltr'>sq.</span> <span class='ocrx_word' id='word_1_55' title='bbox 690 1123 741 1205; x_wconf 79' lang='lat'>72&#39;.</span> <span class='ocrx_word' id='word_1_56' title='bbox 777 1135 816 1204; x_wconf 90' lang='lat' dir='ltr'>L.</span> <span class='ocrx_word' id='word_1_57' title='bbox 832 1134 1009 1200; x_wconf 81' lang='lat' dir='ltr'>Muellerus</span> <span class='ocrx_word' id='word_1_58' title='bbox 1032 1157 1064 1222; x_wconf 87' lang='lat' dir='ltr'>p.</span> <span class='ocrx_word' id='word_1_59' title='bbox 1091 1142 1152 1205; x_wconf 94' lang='grc'>146</span> <span class='ocrx_word' id='word_1_60' title='bbox 1175 1156 1224 1222; x_wconf 91' lang='grc'>66.</span> 
     </span>
     <span class='ocr_line' id='line_1_8' title="bbox 324 1236 1358 1319; baseline -0.004 -13"><span class='ocrx_word' id='word_1_61' title='bbox 324 1239 590 1306; x_wconf 80' lang='lat' dir='ltr'>Sotadeorum</span> <span class='ocrx_word' id='word_1_62' title='bbox 619 1259 775 1303; x_wconf 89' lang='lat' dir='ltr'>uersuum</span> <span class='ocrx_word' id='word_1_63' title='bbox 801 1259 881 1302; x_wconf 90' lang='lat' dir='ltr'>usus</span> <span class='ocrx_word' id='word_1_64' title='bbox 910 1236 1049 1303; x_wconf 85' lang='lat' dir='ltr'>Varroni</span> <span class='ocrx_word' id='word_1_65' title='bbox 1076 1259 1143 1304; x_wconf 93' lang='lat' dir='ltr'>non</span> <span class='ocrx_word' id='word_1_66' title='bbox 1172 1245 1221 1302; x_wconf 91' lang='lat' dir='ltr'>est</span> <span class='ocrx_word' id='word_1_67' title='bbox 1254 1258 1358 1319; x_wconf 87' lang='lat' dir='ltr'>rarus,</span> 
     </span>
     <span class='ocr_line' id='line_1_9' title="bbox 239 1337 1359 1429; baseline -0.004 -21"><span class='ocrx_word' id='word_1_68' title='bbox 239 1364 347 1429; x_wconf 92' lang='lat' dir='ltr'>quem,</span> <span class='ocrx_word' id='word_1_69' title='bbox 371 1341 436 1405; x_wconf 88' lang='lat' dir='ltr'>nisi</span> <span class='ocrx_word' id='word_1_70' title='bbox 458 1340 587 1406; x_wconf 84' lang='lat' dir='ltr'>Ennius</span> <span class='ocrx_word' id='word_1_71' title='bbox 610 1339 788 1425; x_wconf 80' lang='lat' dir='ltr'>Attiusque</span> <span class='ocrx_word' id='word_1_72' title='bbox 810 1337 903 1404; x_wconf 88' lang='lat' dir='ltr'>libris</span> <span class='ocrx_word' id='word_1_73' title='bbox 927 1361 959 1426; x_wconf 93' lang='lat' dir='ltr'>p.</span> <span class='ocrx_word' id='word_1_74' title='bbox 982 1347 1024 1409; x_wconf 87' lang='grc'>60</span> <span class='ocrx_word' id='word_1_75' title='bbox 1051 1337 1238 1405; x_wconf 87' lang='lat' dir='ltr'>memoratis</span> <span class='ocrx_word' id='word_1_76' title='bbox 1266 1360 1359 1426; x_wconf 88' lang='lat' dir='ltr'>prae·</span> 
     </span>
     <span class='ocr_line' id='line_1_10' title="bbox 237 1438 1359 1529; baseline -0.004 -21"><span class='ocrx_word' id='word_1_77' title='bbox 237 1443 358 1525; x_wconf 81' lang='lat' dir='ltr'>issent,</span> <span class='ocrx_word' id='word_1_78' title='bbox 386 1443 423 1506; x_wconf 93' lang='lat' dir='ltr'>in</span> <span class='ocrx_word' id='word_1_79' title='bbox 445 1441 504 1508; x_wconf 88' lang='lat' dir='ltr'>tali</span> <span class='ocrx_word' id='word_1_80' title='bbox 526 1441 597 1508; x_wconf 92' lang='lat' dir='ltr'>uiro</span> <span class='ocrx_word' id='word_1_81' title='bbox 625 1463 691 1508; x_wconf 93' lang='lat' dir='ltr'>non</span> <span class='ocrx_word' id='word_1_82' title='bbox 714 1441 885 1506; x_wconf 90' lang='lat' dir='ltr'>debuimus</span> <span class='ocrx_word' id='word_1_83' title='bbox 910 1451 1095 1529; x_wconf 81' lang='lat' dir='ltr'>expectare.</span> <span class='ocrx_word' id='word_1_84' title='bbox 1140 1438 1267 1506; x_wconf 91' lang='lat' dir='ltr'>Horum</span> <span class='ocrx_word' id='word_1_85' title='bbox 1287 1461 1359 1506; x_wconf 87' lang='lat' dir='ltr'>uer-</span> 
     </span>
     <span class='ocr_line' id='line_1_11' title="bbox 239 1539 1358 1628; baseline -0.002 -18"><span class='ocrx_word' id='word_1_86' title='bbox 239 1566 333 1610; x_wconf 91' lang='lat' dir='ltr'>suum</span> <span class='ocrx_word' id='word_1_87' title='bbox 344 1543 467 1609; x_wconf 86' lang='lat' dir='ltr'>formas</span> <span class='ocrx_word' id='word_1_88' title='bbox 483 1541 680 1628; x_wconf 85' lang='lat' dir='ltr'>multigenas</span> <span class='ocrx_word' id='word_1_89' title='bbox 693 1564 774 1628; x_wconf 85' lang='lat' dir='ltr'>quas</span> <span class='ocrx_word' id='word_1_90' title='bbox 786 1542 1016 1608; x_wconf 82' lang='lat' dir='ltr'>Lachmannus</span> <span class='ocrx_word' id='word_1_91' title='bbox 1028 1543 1096 1608; x_wconf 91' lang='lat' dir='ltr'>ind.</span> <span class='ocrx_word' id='word_1_92' title='bbox 1108 1539 1217 1608; x_wconf 90' lang='lat' dir='ltr'>Berol.</span> <span class='ocrx_word' id='word_1_93' title='bbox 1230 1541 1358 1609; x_wconf 89' lang='lat' dir='ltr'>hibern.</span> 
     </span>
     <span class='ocr_line' id='line_1_12' title="bbox 241 1643 1360 1734; baseline -0.007 -18"><span class='ocrx_word' id='word_1_94' title='bbox 241 1655 322 1720; x_wconf 82' lang='grc'>1849</span> <span class='ocrx_word' id='word_1_95' title='bbox 344 1669 377 1734; x_wconf 83' lang='lat' dir='ltr'>p.</span> <span class='ocrx_word' id='word_1_96' title='bbox 400 1655 420 1716; x_wconf 89' lang='grc'>4</span> <span class='ocrx_word' id='word_1_97' title='bbox 442 1655 612 1711; x_wconf 81' lang='lat' dir='ltr'>enumerat</span> <span class='ocrx_word' id='word_1_98' title='bbox 632 1645 667 1709; x_wconf 94' lang='lat' dir='ltr'>in</span> <span class='ocrx_word' id='word_1_99' title='bbox 687 1644 847 1711; x_wconf 78' lang='lat' dir='ltr'>Varronis</span> <span class='ocrx_word' id='word_1_100' title='bbox 869 1645 982 1730; x_wconf 81' lang='lat' dir='ltr'>paucis</span> <span class='ocrx_word' id='word_1_101' title='bbox 1005 1643 1152 1732; x_wconf 88' lang='lat' dir='ltr'>reliquiis</span> <span class='ocrx_word' id='word_1_102' title='bbox 1176 1645 1360 1730; x_wconf 87' lang='lat' dir='ltr'>(quattuor-</span> 
     </span>
     <span class='ocr_line' id='line_1_13' title="bbox 238 1745 1359 1832; baseline -0.003 -19"><span class='ocrx_word' id='word_1_103' title='bbox 238 1746 343 1814; x_wconf 78' lang='lat' dir='ltr'>decim</span> <span class='ocrx_word' id='word_1_104' title='bbox 365 1755 516 1814; x_wconf 83' lang='lat' dir='ltr'>constant</span> <span class='ocrx_word' id='word_1_105' title='bbox 536 1745 744 1832; x_wconf 83' lang='lat' dir='ltr'>fragmentis)</span> <span class='ocrx_word' id='word_1_106' title='bbox 766 1755 894 1812; x_wconf 89' lang='lat' dir='ltr'>tantum</span> <span class='ocrx_word' id='word_1_107' title='bbox 915 1767 979 1811; x_wconf 91' lang='lat' dir='ltr'>non</span> <span class='ocrx_word' id='word_1_108' title='bbox 1001 1767 1112 1812; x_wconf 89' lang='lat' dir='ltr'>omnes</span> <span class='ocrx_word' id='word_1_109' title='bbox 1140 1745 1359 1832; x_wconf 88' lang='lat' dir='ltr'>reperiuntur,</span> 
     </span>
     <span class='ocr_line' id='line_1_14' title="bbox 238 1844 1359 1934; baseline -0.003 -19"><span class='ocrx_word' id='word_1_110' title='bbox 238 1871 313 1915; x_wconf 90' lang='lat' dir='ltr'>oum</span> <span class='ocrx_word' id='word_1_111' title='bbox 328 1848 393 1914; x_wconf 85' lang='lat' dir='ltr'>tria</span> <span class='ocrx_word' id='word_1_112' title='bbox 408 1858 536 1916; x_wconf 87' lang='lat' dir='ltr'>tantum</span> <span class='ocrx_word' id='word_1_113' title='bbox 551 1872 593 1914; x_wconf 84' lang='lat' dir='ltr'>ex</span> <span class='ocrx_word' id='word_1_114' title='bbox 607 1846 760 1914; x_wconf 82' lang='lat' dir='ltr'>undecim</span> <span class='ocrx_word' id='word_1_115' title='bbox 775 1848 889 1914; x_wconf 73' lang='lat' dir='ltr'>termis</span> <span class='ocrx_word' id='word_1_116' title='bbox 905 1871 923 1913; x_wconf 89' lang='lat' dir='ltr'>e</span> <span class='ocrx_word' id='word_1_117' title='bbox 945 1847 1061 1914; x_wconf 77' lang='lat' dir='ltr'>ionioia</span> <span class='ocrx_word' id='word_1_118' title='bbox 1084 1869 1104 1912; x_wconf 88' lang='lat' dir='ltr'>a</span> <span class='ocrx_word' id='word_1_119' title='bbox 1120 1844 1265 1934; x_wconf 89' lang='lat' dir='ltr'>spondeo</span> <span class='ocrx_word' id='word_1_120' title='bbox 1281 1846 1359 1912; x_wconf 85' lang='lat' dir='ltr'>inci-</span> 
     </span>
     <span class='ocr_line' id='line_1_15' title="bbox 238 1941 1391 2040; baseline 0.001 -25"><span class='ocrx_word' id='word_1_121' title='bbox 238 1951 406 2040; x_wconf 87' lang='lat' dir='ltr'>pientibus</span> <span class='ocrx_word' id='word_1_122' title='bbox 430 1949 578 2016; x_wconf 81' lang='lat' dir='ltr'>deductis</span> <span class='ocrx_word' id='word_1_123' title='bbox 601 1953 666 2016; x_wconf 84' lang='grc'>666</span> <span class='ocrx_word' id='word_1_124' title='bbox 689 1949 778 2037; x_wconf 88' lang='lat' dir='ltr'>apud</span> <span class='ocrx_word' id='word_1_125' title='bbox 804 1948 897 2014; x_wconf 93' lang='lat' dir='ltr'>illum</span> <span class='ocrx_word' id='word_1_126' title='bbox 925 1959 1039 2016; x_wconf 85' lang='lat' dir='ltr'>extent</span> <span class='ocrx_word' id='word_1_127' title='bbox 1061 1948 1121 2036; x_wconf 67' lang='lat'>(2-</span> <span class='ocrx_word' id='word_1_128' title='bbox 1142 1970 1202 2016; x_wconf 57' lang='lat' dir='ltr'>nt</span> <span class='ocrx_word' id='word_1_129' title='bbox 1221 1962 1262 2004; x_wconf 57' lang='lat' dir='ltr'>‘v</span> <span class='ocrx_word' id='word_1_130' title='bbox 1279 1983 1346 2004; x_wconf 64' lang='lat' dir='ltr'><em>m</em></span> <span class='ocrx_word' id='word_1_131' title='bbox 1384 1941 1391 1948; x_wconf 73' lang='grc'><strong>’</strong></span> 
     </span>
     <span class='ocr_line' id='line_1_16' title="bbox 238 2049 1360 2138; baseline 0.009 -32"><span class='ocrx_word' id='word_1_132' title='bbox 238 2066 279 2107; x_wconf 62' lang='lat' dir='ltr'>ee</span> <span class='ocrx_word' id='word_1_133' title='bbox 296 2087 315 2108; x_wconf 64' lang='lat' dir='ltr'>e</span> <span class='ocrx_word' id='word_1_134' title='bbox 331 2097 350 2107; x_wconf 93' lang='lat'>-</span> <span class='ocrx_word' id='word_1_135' title='bbox 369 2054 419 2138; x_wconf 90' lang='lat'>.).</span> <span class='ocrx_word' id='word_1_136' title='bbox 448 2053 553 2119; x_wconf 84' lang='lat' dir='ltr'>Extat</span> <span class='ocrx_word' id='word_1_137' title='bbox 569 2072 648 2117; x_wconf 89' lang='lat' dir='ltr'>uero</span> <span class='ocrx_word' id='word_1_138' title='bbox 666 2073 762 2138; x_wconf 89' lang='lat' dir='ltr'>quem</span> <span class='ocrx_word' id='word_1_139' title='bbox 777 2051 864 2116; x_wconf 89' lang='lat' dir='ltr'>idem</span> <span class='ocrx_word' id='word_1_140' title='bbox 881 2073 913 2137; x_wconf 89' lang='lat' dir='ltr'>p.</span> <span class='ocrx_word' id='word_1_141' title='bbox 927 2061 945 2122; x_wconf 86' lang='lat'><strong>3</strong></span> <span class='ocrx_word' id='word_1_142' title='bbox 962 2074 1010 2138; x_wconf 90' lang='lat' dir='ltr'>sq.</span> <span class='ocrx_word' id='word_1_143' title='bbox 1028 2051 1171 2119; x_wconf 85' lang='lat' dir='ltr'>Varroni</span> <span class='ocrx_word' id='word_1_144' title='bbox 1189 2049 1360 2119; x_wconf 87' lang='lat' dir='ltr'>abiudieat</span> 
     </span>
     <span class='ocr_line' id='line_1_17' title="bbox 238 2150 1359 2240; baseline -0.001 -21"><span class='ocrx_word' id='word_1_145' title='bbox 238 2151 414 2221; x_wconf 88' lang='lat' dir='ltr'>molossus:</span> <span class='ocrx_word' id='word_1_146' title='bbox 440 2155 502 2220; x_wconf 80' lang='lat' dir='ltr'>‘a&#39;c</span> <span class='ocrx_word' id='word_1_147' title='bbox 523 2161 693 2220; x_wconf 71' lang='lat' dir='ltr'>censum*</span> <span class='ocrx_word' id='word_1_148' title='bbox 716 2153 808 2240; x_wconf 90' lang='lat' dir='ltr'>Sesq.</span> <span class='ocrx_word' id='word_1_149' title='bbox 829 2152 931 2236; x_wconf 57' lang='lat' dir='ltr'>xxm</span> <span class='ocrx_word' id='word_1_150' title='bbox 956 2153 1098 2234; x_wconf 67' lang='lat' dir='ltr'>‘animare</span> <span class='ocrx_word' id='word_1_151' title='bbox 1112 2164 1158 2220; x_wconf 82' lang='lat' dir='ltr'>et’</span> <span class='ocrx_word' id='word_1_152' title='bbox 1174 2150 1254 2219; x_wconf 89' lang='lat' dir='ltr'>ibid.</span> <span class='ocrx_word' id='word_1_153' title='bbox 1273 2151 1359 2236; x_wconf 86' lang='lat' dir='ltr'>VII;</span> 
     </span>
     <span class='ocr_line' id='line_1_18' title="bbox 238 2253 1359 2338; baseline -0.001 -17"><span class='ocrx_word' id='word_1_154' title='bbox 238 2259 383 2323; x_wconf 77' lang='lat' dir='ltr'>‘tdnrilla&#39;</span> <span class='ocrx_word' id='word_1_155' title='bbox 398 2253 453 2321; x_wconf 92' lang='lat' dir='ltr'>uel</span> <span class='ocrx_word' id='word_1_156' title='bbox 468 2257 630 2322; x_wconf 77' lang='lat' dir='ltr'>‘tensillae’</span> <span class='ocrx_word' id='word_1_157' title='bbox 652 2255 732 2320; x_wconf 88' lang='lat' dir='ltr'>Des.</span> <span class='ocrx_word' id='word_1_158' title='bbox 750 2253 784 2338; x_wconf 84' lang='lat' dir='ltr'>I;</span> <span class='ocrx_word' id='word_1_159' title='bbox 809 2263 925 2320; x_wconf 85' lang='lat' dir='ltr'>extant</span> <span class='ocrx_word' id='word_1_160' title='bbox 939 2255 1037 2320; x_wconf 90' lang='lat' dir='ltr'>etiam</span> <span class='ocrx_word' id='word_1_161' title='bbox 1059 2253 1093 2318; x_wconf 89' lang='lat' dir='ltr'>ni</span> <span class='ocrx_word' id='word_1_162' title='bbox 1114 2253 1212 2320; x_wconf 84' lang='lat' dir='ltr'>fallor</span> <span class='ocrx_word' id='word_1_163' title='bbox 1234 2253 1359 2320; x_wconf 86' lang='lat' dir='ltr'>formae</span> 
     </span>
     <span class='ocr_line' id='line_1_19' title="bbox 239 2356 1357 2447; baseline -0.001 -24"><span class='ocrx_word' id='word_1_164' title='bbox 239 2379 320 2447; x_wconf 88' lang='lat' dir='ltr'>quas</span> <span class='ocrx_word' id='word_1_165' title='bbox 347 2356 578 2422; x_wconf 78' lang='lat' dir='ltr'>Lachmannus</span> <span class='ocrx_word' id='word_1_166' title='bbox 607 2379 673 2423; x_wconf 91' lang='lat' dir='ltr'>non</span> <span class='ocrx_word' id='word_1_167' title='bbox 701 2357 968 2422; x_wconf 83' lang='lat' dir='ltr'>commemorauit</span> <span class='ocrx_word' id='word_1_168' title='bbox 994 2377 1040 2412; x_wconf 66' lang='grc' dir='ltr'>ι-</span> <span class='ocrx_word' id='word_1_169' title='bbox 1058 2389 1096 2410; x_wconf 68' lang='grc' dir='ltr'>νυ</span> <span class='ocrx_word' id='word_1_170' title='bbox 1114 2390 1131 2410; x_wconf 63' lang='grc' dir='ltr'>ν</span> <span class='ocrx_word' id='word_1_171' title='bbox 1149 2366 1183 2423; x_wconf 92' lang='grc'>66</span> <span class='ocrx_word' id='word_1_172' title='bbox 1210 2377 1275 2412; x_wconf 63' lang='grc' dir='ltr'>ιω</span> <span class='ocrx_word' id='word_1_173' title='bbox 1292 2399 1310 2410; x_wconf 92' lang='grc'>-</span> <span class='ocrx_word' id='word_1_174' title='bbox 1329 2391 1357 2440; x_wconf 75' lang='grc' dir='ltr'>ν,</span> 
     </span>
     <span class='ocr_line' id='line_1_20' title="bbox 238 2457 1359 2548; baseline -0.002 -22"><span class='ocrx_word' id='word_1_175' title='bbox 238 2482 376 2546; x_wconf 90' lang='lat' dir='ltr'>quorum</span> <span class='ocrx_word' id='word_1_176' title='bbox 398 2459 488 2546; x_wconf 88' lang='lat' dir='ltr'>prius</span> <span class='ocrx_word' id='word_1_177' title='bbox 512 2461 597 2525; x_wconf 89' lang='lat' dir='ltr'>inest</span> <span class='ocrx_word' id='word_1_178' title='bbox 611 2457 770 2524; x_wconf 89' lang='lat' dir='ltr'>librorum</span> <span class='ocrx_word' id='word_1_179' title='bbox 786 2457 920 2525; x_wconf 84' lang='lat' dir='ltr'>lectioni</span> <span class='ocrx_word' id='word_1_180' title='bbox 939 2459 1045 2537; x_wconf 68' lang='lat' dir='ltr'>‘maleit</span> <span class='ocrx_word' id='word_1_181' title='bbox 1066 2463 1159 2536; x_wconf 77' lang='lat' dir='ltr'>bouis,</span> <span class='ocrx_word' id='word_1_182' title='bbox 1186 2457 1272 2540; x_wconf 77' lang='lat' dir='ltr'>olar&#39;r’</span> <span class='ocrx_word' id='word_1_183' title='bbox 1288 2479 1359 2548; x_wconf 89' lang='lat' dir='ltr'>sqq.</span> 
     </span>
     <span class='ocr_line' id='line_1_21' title="bbox 239 2559 1360 2648; baseline -0.003 -20"><span class='ocrx_word' id='word_1_184' title='bbox 239 2561 342 2628; x_wconf 89' lang='lat' dir='ltr'>Abor.</span> <span class='ocrx_word' id='word_1_185' title='bbox 360 2560 401 2645; x_wconf 75' lang='grc' dir='ltr'>-Ι,</span> <span class='ocrx_word' id='word_1_186' title='bbox 428 2561 486 2628; x_wconf 92' lang='lat' dir='ltr'>ubi</span> <span class='ocrx_word' id='word_1_187' title='bbox 514 2561 682 2648; x_wconf 86' lang='lat' dir='ltr'>antiquam</span> <span class='ocrx_word' id='word_1_188' title='bbox 710 2559 849 2627; x_wconf 89' lang='lat' dir='ltr'>formam</span> <span class='ocrx_word' id='word_1_189' title='bbox 877 2566 961 2627; x_wconf 77' lang='lat' dir='ltr'>bools</span> <span class='ocrx_word' id='word_1_190' title='bbox 989 2581 1063 2624; x_wconf 84' lang='lat' dir='ltr'>cum</span> <span class='ocrx_word' id='word_1_191' title='bbox 1092 2559 1303 2625; x_wconf 78' lang='lat' dir='ltr'>Lachmanno</span> <span class='ocrx_word' id='word_1_192' title='bbox 1325 2560 1360 2625; x_wconf 92' lang='lat' dir='ltr'>in</span> 
     </span>
     <span class='ocr_line' id='line_1_22' title="bbox 239 2659 1359 2749; baseline 0.003 -19"><span class='ocrx_word' id='word_1_193' title='bbox 239 2663 324 2730; x_wconf 76' lang='lat' dir='ltr'>‘bos’</span> <span class='ocrx_word' id='word_1_194' title='bbox 353 2671 481 2729; x_wconf 84' lang='lat' dir='ltr'>mutare</span> <span class='ocrx_word' id='word_1_195' title='bbox 509 2663 602 2745; x_wconf 91' lang='lat' dir='ltr'>nolo,</span> <span class='ocrx_word' id='word_1_196' title='bbox 626 2663 776 2749; x_wconf 86' lang='lat' dir='ltr'>quamuis</span> <span class='ocrx_word' id='word_1_197' title='bbox 805 2661 913 2728; x_wconf 89' lang='lat' dir='ltr'>Varro</span> <span class='ocrx_word' id='word_1_198' title='bbox 942 2661 1012 2748; x_wconf 90' lang='lat' dir='ltr'>ipse</span> <span class='ocrx_word' id='word_1_199' title='bbox 1041 2659 1081 2727; x_wconf 88' lang='lat' dir='ltr'>de</span> <span class='ocrx_word' id='word_1_200' title='bbox 1108 2660 1130 2726; x_wconf 92' lang='lat' dir='ltr'>l.</span> <span class='ocrx_word' id='word_1_201' title='bbox 1157 2659 1289 2728; x_wconf 83' lang='lat' dir='ltr'>LVIII</span> <span class='ocrx_word' id='word_1_202' title='bbox 1318 2671 1359 2733; x_wconf 85' lang='lat'>74</span> 
     </span>
     <span class='ocr_line' id='line_1_23' title="bbox 239 2762 1360 2850; baseline 0 -20"><span class='ocrx_word' id='word_1_203' title='bbox 239 2787 344 2832; x_wconf 90' lang='lat' dir='ltr'>eame</span> <span class='ocrx_word' id='word_1_204' title='bbox 367 2764 603 2832; x_wconf 83' lang='lat' dir='ltr'>consuetudine</span> <span class='ocrx_word' id='word_1_205' title='bbox 625 2764 788 2830; x_wconf 81' lang='lat' dir='ltr'>excidisse</span> <span class='ocrx_word' id='word_1_206' title='bbox 810 2763 937 2848; x_wconf 83' lang='lat' dir='ltr'>tradat3</span> <span class='ocrx_word' id='word_1_207' title='bbox 960 2762 1018 2830; x_wconf 86' lang='lat' dir='ltr'>sed</span> <span class='ocrx_word' id='word_1_208' title='bbox 1040 2785 1144 2850; x_wconf 88' lang='lat' dir='ltr'>neque</span> <span class='ocrx_word' id='word_1_209' title='bbox 1159 2771 1284 2830; x_wconf 85' lang='lat' dir='ltr'>eertum</span> <span class='ocrx_word' id='word_1_210' title='bbox 1297 2762 1360 2830; x_wconf 87' lang='lat' dir='ltr'>hoe</span> 
     </span>
     <span class='ocr_line' id='line_1_24' title="bbox 240 2865 1359 2954; baseline -0.004 -20"><span class='ocrx_word' id='word_1_211' title='bbox 240 2876 290 2934; x_wconf 85' lang='grc'>666</span> <span class='ocrx_word' id='word_1_212' title='bbox 311 2866 581 2954; x_wconf 87' lang='lat' dir='ltr'>impedimentum</span> <span class='ocrx_word' id='word_1_213' title='bbox 602 2866 774 2954; x_wconf 88' lang='lat' dir='ltr'>quominus</span> <span class='ocrx_word' id='word_1_214' title='bbox 804 2867 837 2930; x_wconf 92' lang='lat' dir='ltr'>in</span> <span class='ocrx_word' id='word_1_215' title='bbox 861 2865 1040 2932; x_wconf 72' lang='lat' dir='ltr'>‘ueteribus</span> <span class='ocrx_word' id='word_1_216' title='bbox 1068 2865 1150 2931; x_wconf 91' lang='lat' dir='ltr'>suis’</span> <span class='ocrx_word' id='word_1_217' title='bbox 1173 2865 1234 2932; x_wconf 86' lang='lat' dir='ltr'>hoe</span> <span class='ocrx_word' id='word_1_218' title='bbox 1263 2885 1359 2931; x_wconf 83' lang='lat' dir='ltr'>uoca-</span> 
     </span>
     <span class='ocr_line' id='line_1_25' title="bbox 216 2966 1359 3055; baseline -0.003 -19"><span class='ocrx_word' id='word_1_219' title='bbox 216 2967 351 3051; x_wconf 66' lang='lat' dir='ltr'>xbulum</span> <span class='ocrx_word' id='word_1_220' title='bbox 374 2967 572 3050; x_wconf 88' lang='lat' dir='ltr'>adhibuerit,</span> <span class='ocrx_word' id='word_1_221' title='bbox 594 2990 701 3055; x_wconf 90' lang='lat' dir='ltr'>neque</span> <span class='ocrx_word' id='word_1_222' title='bbox 723 2967 853 3032; x_wconf 90' lang='lat' dir='ltr'>omnino</span> <span class='ocrx_word' id='word_1_223' title='bbox 876 2967 923 3032; x_wconf 86' lang='lat' dir='ltr'>ita</span> <span class='ocrx_word' id='word_1_224' title='bbox 945 2966 1114 3034; x_wconf 87' lang='lat' dir='ltr'>oodioibus</span> <span class='ocrx_word' id='word_1_225' title='bbox 1130 2966 1359 3054; x_wconf 88' lang='lat' dir='ltr'>imperandum</span> 
     </span>
     <span class='ocr_line' id='line_1_26' title="bbox 239 3067 1358 3158; baseline 0 -22"><span class='ocrx_word' id='word_1_226' title='bbox 239 3079 335 3158; x_wconf 88' lang='lat' dir='ltr'>pute,</span> <span class='ocrx_word' id='word_1_227' title='bbox 365 3068 506 3138; x_wconf 84' lang='grc'>6666166</span> <span class='ocrx_word' id='word_1_228' title='bbox 529 3069 651 3136; x_wconf 86' lang='lat' dir='ltr'>formas</span> <span class='ocrx_word' id='word_1_229' title='bbox 674 3092 752 3136; x_wconf 90' lang='lat' dir='ltr'>uere</span> <span class='ocrx_word' id='word_1_230' title='bbox 774 3077 921 3134; x_wconf 89' lang='lat' dir='ltr'>uetustas</span> <span class='ocrx_word' id='word_1_231' title='bbox 943 3067 1152 3156; x_wconf 85' lang='lat' dir='ltr'>librariisque</span> <span class='ocrx_word' id='word_1_232' title='bbox 1174 3069 1358 3156; x_wconf 81' lang='lat' dir='ltr'>incognitas</span> 
     </span>
     <span class='ocr_line' id='line_1_27' title="bbox 239 3168 1361 3259; baseline -0.001 -22"><span class='ocrx_word' id='word_1_233' title='bbox 239 3193 317 3238; x_wconf 86' lang='lat' dir='ltr'>oasu</span> <span class='ocrx_word' id='word_1_234' title='bbox 344 3170 454 3259; x_wconf 88' lang='lat' dir='ltr'>aliquo</span> <span class='ocrx_word' id='word_1_235' title='bbox 487 3171 666 3258; x_wconf 90' lang='lat' dir='ltr'>inrepsisse</span> <span class='ocrx_word' id='word_1_236' title='bbox 692 3181 888 3239; x_wconf 85' lang='lat' dir='ltr'>statuamus.</span> <span class='ocrx_word' id='word_1_237' title='bbox 936 3168 1088 3236; x_wconf 87' lang='lat' dir='ltr'>Alterum</span> <span class='ocrx_word' id='word_1_238' title='bbox 1114 3170 1197 3236; x_wconf 92' lang='lat' dir='ltr'>illud</span> <span class='ocrx_word' id='word_1_239' title='bbox 1223 3193 1289 3225; x_wconf 53' lang='lat' dir='ltr'>ew</span> <span class='ocrx_word' id='word_1_240' title='bbox 1305 3214 1324 3226; x_wconf 94' lang='lat'><em>-</em></span> <span class='ocrx_word' id='word_1_241' title='bbox 1342 3205 1361 3226; x_wconf 73' lang='grc' dir='ltr'><strong><em>υ</em></strong></span> 
     </span>
     <span class='ocr_line' id='line_1_28' title="bbox 238 3272 1359 3360; baseline 0.001 -24"><span class='ocrx_word' id='word_1_242' title='bbox 238 3273 326 3340; x_wconf 84' lang='grc'>16666</span> <span class='ocrx_word' id='word_1_243' title='bbox 352 3273 496 3340; x_wconf 85' lang='lat' dir='ltr'>fortasse</span> <span class='ocrx_word' id='word_1_244' title='bbox 524 3272 635 3338; x_wconf 89' lang='lat' dir='ltr'>uerbis</span> <span class='ocrx_word' id='word_1_245' title='bbox 669 3293 703 3341; x_wconf 79' lang='grc' dir='ltr'>π.</span> <span class='ocrx_word' id='word_1_246' title='bbox 725 3272 791 3356; x_wconf 77' lang='lat' dir='ltr'>ule.</span> <span class='ocrx_word' id='word_1_247' title='bbox 813 3273 849 3338; x_wconf 94' lang='lat' dir='ltr'>II</span> <span class='ocrx_word' id='word_1_248' title='bbox 877 3273 982 3338; x_wconf 72' lang='lat' dir='ltr'>‘litora</span> <span class='ocrx_word' id='word_1_249' title='bbox 1010 3277 1126 3355; x_wconf 78' lang='lat' dir='ltr'>oriris&#39;,</span> <span class='ocrx_word' id='word_1_250' title='bbox 1157 3293 1222 3360; x_wconf 94' lang='lat' dir='ltr'>quo</span> <span class='ocrx_word' id='word_1_251' title='bbox 1250 3280 1359 3338; x_wconf 90' lang='lat' dir='ltr'>tamen</span> 
     </span>
     <span class='ocr_line' id='line_1_29' title="bbox 238 3372 1359 3462; baseline 0.002 -24"><span class='ocrx_word' id='word_1_252' title='bbox 238 3373 309 3441; x_wconf 87' lang='lat' dir='ltr'>loeo</span> <span class='ocrx_word' id='word_1_253' title='bbox 341 3375 377 3440; x_wconf 92' lang='lat' dir='ltr'>in</span> <span class='ocrx_word' id='word_1_254' title='bbox 410 3373 550 3462; x_wconf 81' lang='lat' dir='ltr'>procliui</span> <span class='ocrx_word' id='word_1_255' title='bbox 582 3385 633 3442; x_wconf 87' lang='lat' dir='ltr'>est</span> <span class='ocrx_word' id='word_1_256' title='bbox 664 3375 791 3440; x_wconf 81' lang='lat' dir='ltr'>‘oreris&#39;</span> <span class='ocrx_word' id='word_1_257' title='bbox 824 3395 898 3438; x_wconf 90' lang='lat' dir='ltr'>oum</span> <span class='ocrx_word' id='word_1_258' title='bbox 925 3373 1136 3440; x_wconf 88' lang='lat' dir='ltr'>Lachmanno</span> <span class='ocrx_word' id='word_1_259' title='bbox 1170 3372 1313 3439; x_wconf 85' lang='lat' dir='ltr'>seribere</span> <span class='ocrx_word' id='word_1_260' title='bbox 1322 3374 1359 3458; x_wconf 87' lang='lat'>¹).</span> 
     </span>
     <span class='ocr_line' id='line_1_30' title="bbox 239 3473 1360 3565; baseline -0.001 -22"><span class='ocrx_word' id='word_1_261' title='bbox 239 3475 418 3543; x_wconf 74' lang='lat' dir='ltr'>(laesuram</span> <span class='ocrx_word' id='word_1_262' title='bbox 439 3487 516 3565; x_wconf 86' lang='lat' dir='ltr'>post</span> <span class='ocrx_word' id='word_1_263' title='bbox 537 3475 679 3542; x_wconf 80' lang='lat' dir='ltr'>ionicum</span> <span class='ocrx_word' id='word_1_264' title='bbox 701 3474 881 3542; x_wconf 86' lang='lat' dir='ltr'>secundum</span> <span class='ocrx_word' id='word_1_265' title='bbox 896 3473 1067 3540; x_wconf 87' lang='lat' dir='ltr'>instituere</span> <span class='ocrx_word' id='word_1_266' title='bbox 1083 3497 1146 3541; x_wconf 93' lang='lat' dir='ltr'>non</span> <span class='ocrx_word' id='word_1_267' title='bbox 1162 3475 1302 3542; x_wconf 82' lang='lat' dir='ltr'>curauit.</span> <span class='ocrx_word' id='word_1_268' title='bbox 1318 3512 1360 3524; x_wconf 88' lang='lat'>—-</span> 
     </span>
     <span class='ocr_line' id='line_1_31' title="bbox 239 3575 1359 3666; baseline 0 -24"><span class='ocrx_word' id='word_1_269' title='bbox 239 3577 363 3645; x_wconf 87' lang='lat' dir='ltr'>Versus</span> <span class='ocrx_word' id='word_1_270' title='bbox 387 3599 484 3666; x_wconf 88' lang='lat' dir='ltr'>porro</span> <span class='ocrx_word' id='word_1_271' title='bbox 507 3578 664 3644; x_wconf 88' lang='lat' dir='ltr'>ionioos</span> <span class='ocrx_word' id='word_1_272' title='bbox 693 3601 713 3642; x_wconf 88' lang='grc'>6</span> <span class='ocrx_word' id='word_1_273' title='bbox 739 3575 928 3664; x_wconf 84' lang='lat' dir='ltr'>pyrrhichio</span> <span class='ocrx_word' id='word_1_274' title='bbox 955 3575 1149 3663; x_wconf 82' lang='lat' dir='ltr'>incipientes</span> <span class='ocrx_word' id='word_1_275' title='bbox 1178 3584 1254 3642; x_wconf 89' lang='lat' dir='ltr'>ante</span> <span class='ocrx_word' id='word_1_276' title='bbox 1276 3576 1359 3642; x_wconf 90' lang='lat' dir='ltr'>Var-</span> 
     </span>
     <span class='ocr_line' id='line_1_32' title="bbox 239 3677 1358 3746; baseline -0.001 -1"><span class='ocrx_word' id='word_1_277' title='bbox 239 3697 353 3745; x_wconf 90' lang='lat' dir='ltr'>ronem</span> <span class='ocrx_word' id='word_1_278' title='bbox 374 3701 438 3744; x_wconf 91' lang='lat' dir='ltr'>non</span> <span class='ocrx_word' id='word_1_279' title='bbox 460 3680 602 3746; x_wconf 83' lang='lat' dir='ltr'>fortasse</span> <span class='ocrx_word' id='word_1_280' title='bbox 624 3678 790 3744; x_wconf 91' lang='lat' dir='ltr'>adhibitos</span> <span class='ocrx_word' id='word_1_281' title='bbox 812 3677 970 3744; x_wconf 87' lang='lat' dir='ltr'>habemus</span> <span class='ocrx_word' id='word_1_282' title='bbox 999 3687 1225 3746; x_wconf 89' lang='lat' dir='ltr'>tetrametrum</span> <span class='ocrx_word' id='word_1_283' title='bbox 1248 3690 1358 3746; x_wconf 86' lang='lat' dir='ltr'>eata·</span> 
     </span>
     <span class='ocr_line' id='line_1_33' title="bbox 240 3779 1357 3866; baseline 0.003 -22"><span class='ocrx_word' id='word_1_284' title='bbox 240 3780 430 3847; x_wconf 88' lang='lat' dir='ltr'>leotioum</span> <span class='ocrx_word' id='word_1_285' title='bbox 458 3783 549 3847; x_wconf 86' lang='lat' dir='ltr'>Test.</span> <span class='ocrx_word' id='word_1_286' title='bbox 580 3782 614 3864; x_wconf 74' lang='grc' dir='ltr'>Ι,</span> <span class='ocrx_word' id='word_1_287' title='bbox 649 3779 919 3847; x_wconf 87' lang='lat' dir='ltr'>aoataleotum</span> <span class='ocrx_word' id='word_1_288' title='bbox 953 3788 1062 3846; x_wconf 87' lang='lat' dir='ltr'>autem</span> <span class='ocrx_word' id='word_1_289' title='bbox 1090 3780 1135 3866; x_wconf 85' lang='lat' dir='ltr'>fg.</span> <span class='ocrx_word' id='word_1_290' title='bbox 1164 3781 1229 3846; x_wconf 90' lang='lat' dir='ltr'>ino.</span> <span class='ocrx_word' id='word_1_291' title='bbox 1257 3781 1357 3862; x_wconf 89' lang='lat' dir='ltr'>XIII,</span> 
     </span>
     <span class='ocr_line' id='line_1_34' title="bbox 237 3881 1357 3969; baseline -0.002 -21"><span class='ocrx_word' id='word_1_292' title='bbox 237 3882 350 3969; x_wconf 86' lang='grc'>666166</span> <span class='ocrx_word' id='word_1_293' title='bbox 379 3883 609 3950; x_wconf 85' lang='lat' dir='ltr'>Laehmannus</span> <span class='ocrx_word' id='word_1_294' title='bbox 638 3881 671 3947; x_wconf 91' lang='lat' dir='ltr'>in</span> <span class='ocrx_word' id='word_1_295' title='bbox 693 3883 791 3948; x_wconf 85' lang='lat' dir='ltr'>Luer.</span> <span class='ocrx_word' id='word_1_296' title='bbox 814 3881 864 3947; x_wconf 93' lang='lat' dir='ltr'>IV</span> <span class='ocrx_word' id='word_1_297' title='bbox 896 3890 977 3954; x_wconf 80' lang='lat'>1275</span> <span class='ocrx_word' id='word_1_298' title='bbox 1004 3882 1217 3948; x_wconf 85' lang='lat' dir='ltr'>iambionieos</span> <span class='ocrx_word' id='word_1_299' title='bbox 1249 3881 1357 3969; x_wconf 88' lang='lat' dir='ltr'>appel·</span> 
     </span>
     <span class='ocr_line' id='line_1_35' title="bbox 239 3982 1357 4072; baseline 0.001 -24"><span class='ocrx_word' id='word_1_300' title='bbox 239 3982 332 4067; x_wconf 82' lang='lat' dir='ltr'>lauit,</span> <span class='ocrx_word' id='word_1_301' title='bbox 347 3985 521 4052; x_wconf 90' lang='lat' dir='ltr'>Diomedis</span> <span class='ocrx_word' id='word_1_302' title='bbox 537 4007 568 4072; x_wconf 84' lang='lat' dir='ltr'>p.</span> <span class='ocrx_word' id='word_1_303' title='bbox 581 3996 642 4057; x_wconf 84' lang='lat'>517</span> <span class='ocrx_word' id='word_1_304' title='bbox 658 3982 780 4066; x_wconf 83' lang='lat' dir='ltr'>uerbis,</span> <span class='ocrx_word' id='word_1_305' title='bbox 796 3993 833 4049; x_wconf 93' lang='lat' dir='ltr'>ut</span> <span class='ocrx_word' id='word_1_306' title='bbox 848 3992 935 4050; x_wconf 85' lang='lat' dir='ltr'>recte</span> <span class='ocrx_word' id='word_1_307' title='bbox 951 3984 989 4049; x_wconf 90' lang='lat' dir='ltr'>L.</span> <span class='ocrx_word' id='word_1_308' title='bbox 1002 3982 1179 4050; x_wconf 87' lang='lat' dir='ltr'>Muellerus</span> <span class='ocrx_word' id='word_1_309' title='bbox 1194 4005 1227 4070; x_wconf 88' lang='lat' dir='ltr'>p.</span> <span class='ocrx_word' id='word_1_310' title='bbox 1242 3991 1302 4056; x_wconf 83' lang='lat'>109</span> <span class='ocrx_word' id='word_1_311' title='bbox 1310 4007 1357 4071; x_wconf 89' lang='lat' dir='ltr'>sq.</span> 
     </span>
    </p>
   </div>
   <div class='ocr_carea' id='block_1_3' title="bbox 326 4239 1358 4310">
    <p class='ocr_par' dir='ltr' id='par_1_3' title="bbox 326 4239 1358 4310">
     <span class='ocr_line' id='line_1_36' title="bbox 326 4239 1358 4310; baseline 0 -16"><span class='ocrx_word' id='word_1_312' title='bbox 326 4240 350 4304; x_wconf 84' lang='grc'>1)</span> <span class='ocrx_word' id='word_1_313' title='bbox 381 4243 460 4294; x_wconf 85' lang='grc' dir='ltr'>Η666</span> <span class='ocrx_word' id='word_1_314' title='bbox 491 4241 577 4310; x_wconf 81' lang='lat' dir='ltr'>igitur</span> <span class='ocrx_word' id='word_1_315' title='bbox 607 4241 705 4309; x_wconf 90' lang='lat' dir='ltr'>pedum</span> <span class='ocrx_word' id='word_1_316' title='bbox 736 4242 860 4293; x_wconf 79' lang='lat' dir='ltr'>uertetas</span> <span class='ocrx_word' id='word_1_317' title='bbox 891 4241 920 4290; x_wconf 91' lang='lat' dir='ltr'>in</span> <span class='ocrx_word' id='word_1_318' title='bbox 949 4240 1073 4292; x_wconf 82' lang='lat' dir='ltr'>sotadeis</span> <span class='ocrx_word' id='word_1_319' title='bbox 1100 4239 1233 4291; x_wconf 87' lang='lat' dir='ltr'>Varronis</span> <span class='ocrx_word' id='word_1_320' title='bbox 1265 4245 1358 4294; x_wconf 72' lang='lat' dir='ltr'>extats</span> 
     </span>
    </p>
   </div>
   <div class='ocr_carea' id='block_1_4' title="bbox 359 4323 1357 4392">
    <p class='ocr_par' dir='ltr' id='par_1_4' title="bbox 359 4323 1357 4392">
     <span class='ocr_line' id='line_1_37' title="bbox 359 4323 1357 4392; baseline 0.002 -14"><span class='ocrx_word' id='word_1_321' title='bbox 359 4344 365 4357; x_wconf 94' lang='lat'><strong>·</strong></span> <span class='ocrx_word' id='word_1_322' title='bbox 486 4344 546 4378; x_wconf 61' lang='lat' dir='ltr'>w·</span> <span class='ocrx_word' id='word_1_323' title='bbox 576 4345 705 4390; x_wconf 69' lang='lat' dir='ltr'>,ww3</span> <span class='ocrx_word' id='word_1_324' title='bbox 738 4357 880 4378; x_wconf 65' lang='lat' dir='ltr'>www</span> <span class='ocrx_word' id='word_1_325' title='bbox 903 4323 1070 4392; x_wconf 68' lang='lat' dir='ltr'>(00t03.1);</span> <span class='ocrx_word' id='word_1_326' title='bbox 1101 4343 1204 4388; x_wconf 74' lang='grc' dir='ltr'>..-ς</span> <span class='ocrx_word' id='word_1_327' title='bbox 1234 4346 1357 4391; x_wconf 52' lang='grc' dir='ltr'>,6ης</span> 
     </span>
    </p>
   </div>
   <div class='ocr_carea' id='block_1_5' title="bbox 239 4364 1210 4479">
    <p class='ocr_par' dir='ltr' id='par_1_5' title="bbox 239 4364 1210 4479">
     <span class='ocr_line' id='line_1_38' title="bbox 239 4364 1210 4479; baseline 0.002 -19"><span class='ocrx_word' id='word_1_328' title='bbox 239 4448 258 4460; x_wconf 93' lang='lat'>..</span> <span class='ocrx_word' id='word_1_329' title='bbox 271 4440 319 4462; x_wconf 55' lang='lat' dir='ltr'>a.</span> <span class='ocrx_word' id='word_1_330' title='bbox 332 4429 363 4476; x_wconf 69' lang='grc' dir='ltr'>,ς</span> <span class='ocrx_word' id='word_1_331' title='bbox 382 4451 401 4463; x_wconf 89' lang='grc'>.</span> <span class='ocrx_word' id='word_1_332' title='bbox 413 4451 431 4463; x_wconf 94' lang='grc'>..</span> <span class='ocrx_word' id='word_1_333' title='bbox 443 4364 920 4479; x_wconf 51' lang='lat' dir='ltr'>.-„(Pi0m.VI1.Sesq.XXI);.</span> <span class='ocrx_word' id='word_1_334' title='bbox 933 4451 951 4463; x_wconf 91' lang='lat'><strong><em>.</em></strong></span> <span class='ocrx_word' id='word_1_335' title='bbox 964 4428 1031 4474; x_wconf 48' lang='grc' dir='ltr'>υνυς</span> <span class='ocrx_word' id='word_1_336' title='bbox 1052 4407 1082 4476; x_wconf 88' lang='grc'>(.</span> <span class='ocrx_word' id='word_1_337' title='bbox 1095 4441 1161 4462; x_wconf 64' lang='lat' dir='ltr'>w-</span> <span class='ocrx_word' id='word_1_338' title='bbox 1174 4409 1210 4476; x_wconf 59' lang='grc' dir='ltr'>υ).</span> 
     </span>
    </p>
   </div>
   <div class='ocr_carea' id='block_1_6' title="bbox 0 0 1669 5304">
    <p class='ocr_par' dir='ltr' id='par_1_6' title="bbox 0 0 1669 5304">
     <span class='ocr_line' id='line_1_39' title="bbox 0 0 1669 5304; baseline 0 0"><span class='ocrx_word' id='word_1_339' title='bbox 0 0 1669 5304; x_wconf 95' lang='lat' dir='ltr'> </span> 
     </span>
    </p>
   </div>
  </div>
 </body>
</html>
