3274 5296
639 479 767 539 capvt
797 481 819 538 ll
1247 479 1289 544 69

170 653 427 729 ‘atratodemtam'
458 645 558 733 (Rud.
581 644 635 711 III
661 651 698 727 2,
721 644 777 730 22)
811 654 880 710 tum
909 653 1044 734 propter
1075 647 1288 715 artificiosum

168 750 251 816 illud
280 758 360 830 ‘spes
386 755 489 814 auxili
519 753 725 828 arpentario’.
757 784 790 794 —
812 736 911 830 ’Ἀμμ
940 769 1031 831 pesp.
1059 749 1092 814 I:
1132 753 1287 816 ‘homines’

168 851 330 936 abundat3
352 874 386 916 u.
410 850 509 915 etiam
530 873 562 937 p.
579 859 629 921 73.
653 885 696 897 -
713 839 881 932 Ἀνθροπ.
905 850 954 916 Il:
983 857 1086 916 ‘auro’
1108 861 1184 938 post
1206 851 1287 918 ‘the-

168 955 287 1020 sauris’
310 973 590 1040 superuacaneum
612 959 678 1034 est3
701 950 921 1036 fragmentum
942 961 1046 1018 totum
1066 953 1198 1039 poetica
1211 975 1287 1018 oon·

167 1065 234 1123 stat
255 1054 472 1138 sublimitate3
498 1053 539 1119 de
561 1054 772 1140 epanaphora
793 1053 883 1118 uocis
907 1058 992 1120 ‘noa’
1013 1076 1046 1119 u.
1061 1076 1094 1141 p.
1111 1061 1152 1124 69
1167 1053 1223 1121 fin.
1244 1093 1287 1106 -

166 1156 248 1224 ibid.
277 1157 346 1223 III:
380 1162 551 1221 ‘macellum
579 1160 712 1222 Romrd?
746 1154 923 1222 artificiose
959 1177 1038 1220 sane
1071 1155 1194 1222 dicitur
1226 1179 1286 1244 pro

167 1257 352 1323 ‘macellum
374 1257 580 1323 Romanum’.
602 1295 645 1308 -
667 1257 759 1335 Arm.
774 1257 844 1322 iud.
865 1256 894 1339 I,
916 1258 974 1344 qui
995 1256 1084 1324 locus
1106 1278 1171 1321 non
1194 1257 1286 1322 facili

166 1383 266 1448 opera
288 1361 479 1425 tractandus
503 1367 564 1441 est,
588 1359 647 1424 sed
669 1368 778 1423 tamen
801 1357 883 1424 illud
906 1365 1013 1424 ‘uiros'
1036 1381 1095 1445 pro
1118 1381 1193 1446 quo,
1216 1361 1285 1446 qui-
1349 1393 1353 1404 ·

165 1484 292 1548 cunque
320 1461 385 1527 fuit
413 1461 648 1526 sententiarum
669 1482 830 1542 conexus,
859 1460 1006 1548 pedestri
1033 1481 1182 1526 sermone
1204 1467 1284 1527 ‘eos’

164 1564 320 1630 usitatius
343 1563 422 1644 fuit,
438 1563 590 1628 uersibus
612 1563 833 1648 fragmentum
854 1562 987 1627 uidetur
1009 1561 1209 1644 adtribuere,
1233 1561 1286 1627 cui

165 1664 312 1752 opinioni
339 1664 516 1730 uerborum
544 1662 714 1731 collocatio
744 1687 810 1730 non
837 1662 1044 1729 mediocriter
1073 1663 1283 1750 suffragatur.
1371 1717 1373 1724 .

164 1769 207 1834 In
228 1788 327 1855 prosa
348 1768 395 1832 ita
421 1766 554 1831 fnisset:
585 1765 664 1830 ‘illio
689 1764 876 1852 praeclaros
905 1759 1117 1852 philosophos
1148 1765 1283 1846 hortari,

163 1878 202 1935 ut
223 1869 393 1934 rixarent’.
417 1903 459 1918 -
485 1867 569 1932 Bim.
592 1867 642 1933 II:
674 1877 706 1932 et
735 1873 877 1932 ‘omnino’
906 1876 982 1933 ante
1010 1868 1126 1932 ‘omnis
1154 1867 1283 1934 heroas’

163 1969 315 2038 abundat
337 1981 370 2036 et
393 1978 497 2050 ‘repat
519 1975 657 2036 nescirse'
687 1991 707 2033 a
729 1968 939 2055 simplicitate
960 1969 1057 2034 nimis
1085 1969 1217 2036 recedit.
1241 2007 1285 2019 -

163 2073 245 2139 ibid.
270 2071 391 2138 XXII:
418 2081 521 2137 ‘socna
543 2077 650 2153 uider,
678 2069 775 2136 rebus
803 2069 881 2135 addi
905 2069 1069 2136 ‘uidendi’
1091 2069 1284 2138 facultatem

163 2183 216 2240 est
243 2195 345 2260 genus
375 2172 505 2239 dicendi
532 2195 552 2238 a
578 2194 677 2259 prosa
705 2170 865 2253 alienum,
894 2173 1003 2258 poesis
1026 2173 1211 2260 proprium
1240 2174 1282 2238 of.

163 2275 285 2360 Sexag.
308 2273 369 2340 IV.
392 2273 494 2360 Verg.
519 2273 640 2360 Georg.
662 2271 698 2338 Π
720 2280 777 2356 68;
807 2272 848 2338 de
868 2273 1045 2339 uerborum
1067 2271 1282 2342 collocatione

152 2400 196 2456 u.
212 2377 310 2442 infra.
326 2412 368 2426 -
388 2374 469 2442 ibid.
486 2375 625 2441 XXIII:
650 2378 796 2456 ‘pedatus
812 2395 952 2440 wsuwa
974 2380 1095 2440 tardor
1118 2397 1217 2462 quam
1240 2376 1284 2444 sit

163 2475 437 2545 artificiosissima
464 2476 580 2559 dictio,
609 2499 703 2543 nemo
731 2497 797 2540 non
823 2474 926 2542 uidet.
958 2515 995 2526 -
1025 2476 1121 2564 Capr.
1149 2499 1200 2564 pr.
1228 2478 1281 2544 II:

163 2585 349 2663 ‘pronisque
370 2585 553 2646 commuolo’
575 2579 753 2664 geminatio
781 2599 802 2644 a
822 2599 922 2665 prosa
944 2577 1060 2644 aliena.
1087 2616 1124 2628 -
1149 2579 1281 2647 Deuict.

162 2681 226 2748 IV:
257 2687 400 2748 ‘Veneris
427 2692 530 2746 tenere
561 2687 662 2761 biqas'
694 2681 856 2768 poeticum
888 2690 939 2746 est
970 2701 1031 2768 pro
1066 2686 1211 2747 ‘amaret
1243 2720 1278 2732 -

157 2775 263 2848 ‘Euan
287 2784 319 2849 I:
345 2783 499 2867 ‘Lydon¹)
524 2791 623 2863 fluens
649 2788 703 2848 sub
731 2787 882 2850 Sardibus
900 2787 1043 2868 flumen'3
1071 2783 1180 2871 ampla
1200 2782 1283 2851 haec

163 2884 358 2971 descriptio,
381 2885 452 2973 ipso
475 2883 617 2950 fluminis
639 2885 766 2950 nomine
790 2885 911 2968 celato,
939 2906 959 2949 a
985 2883 1131 2970 pedestri
1159 2885 1282 2974 simpli-

162 2987 263 3054 citate
286 2985 395 3052 aliena
417 2995 484 3069 est,
509 2986 594 3053 sicut
616 2988 715 3053 etiam
736 2984 819 3050 illud
842 2992 950 3051 ‘lutere
971 2992 1069 3066 reyio'
1091 2985 1144 3052 uel
1173 2989 1282 3076 siquid

162 3088 253 3155 eliud
275 3089 346 3155 eius
368 3086 439 3155 loco
469 3087 657 3175 ponendum
685 3097 746 3154 est.
771 3125 806 3136 -
831 3087 912 3154 ibid.
936 3087 982 3154 V:
1013 3097 1106 3170 ‘pura
1134 3110 1172 3155 ac
1190 3101 1280 3171 puta’

160 3213 219 3279 pro
242 3213 282 3258 eo
304 3189 394 3279 quod
415 3189 573 3256 usitatum
596 3200 646 3255 est
668 3197 765 3277 ‘pura
785 3198 879 3277 puta’
900 3187 1009 3255 locum
1030 3191 1194 3278 poeticum
1209 3192 1280 3257 red-

162 3291 238 3359 dere
272 3293 311 3359 L.
340 3290 518 3358 Muellerus
549 3315 582 3379 p.
610 3300 671 3362 435
705 3302 793 3358 recte
825 3292 1026 3357 obseruauit.
1074 3291 1171 3373 Quod
1202 3315 1281 3358 uero
1328 3336 1330 3341 ,

162 3393 249 3461 idern
275 3417 309 3482 p.
333 3401 394 3466 439
421 3393 521 3459 Herc.
545 3404 568 3459 t.
591 3393 616 3457 f.
639 3394 675 3460 II
704 3401 839 3481 propter
871 3415 986 3459 uocem
1014 3397 1101 3473 ‘epse’
1130 3394 1280 3460 uersibus

162 3495 339 3583 componit,
360 3516 483 3561 uanum
505 3518 577 3561 esse
600 3505 816 3561 commentum
840 3493 946 3559 obiter
967 3488 1167 3560 monendum
1188 3506 1280 3582 puto.

161 3635 202 3646 —
224 3597 288 3663 Est
309 3619 353 3662 m.
375 3619 418 3662 m.
442 3598 473 3662 I:
505 3603 682 3664 ‘hilaritatis
709 3601 797 3662 dulce
823 3601 1030 3661 seminassem
1053 3618 1118 3661 non
1147 3597 1280 3686 quidem

162 3700 331 3782 omnibus,
361 3699 419 3764 sed
440 3698 584 3764 Varroni
612 3709 722 3764 tamen
749 3698 959 3764 artificiosius
988 3706 1039 3763 est
1066 3720 1165 3785 quam
1192 3699 1280 3788 quod

161 3801 194 3865 in
216 3801 365 3888 pedestri
388 3822 535 3868 sermone
557 3802 713 3888 posuerit.
745 3799 1001 3888 Epanaphoram
1022 3822 1150 3887 quoque
1173 3799 1279 3888 qualis

162 3901 247 3967 inest
274 3901 308 3964 h.
330 3900 352 3966 l.
375 3911 427 3967 ter
455 3904 594 3990 repetito
617 3907 698 3968 ‘doc'
728 3902 817 3989 apud
838 3901 1020 3967 Varronem
1048 3923 1113 3966 non
1138 3901 1279 3967 inueniri

161 4002 230 4070 fere
257 4002 330 4087 nisi,
351 4003 385 4068 in
413 4005 460 4069 eis
484 4025 568 4092 quae
590 4003 670 4071 alias
694 4023 821 4092 quoque
844 4003 885 4069 ob
909 4025 1025 4069 causas
1047 4004 1176 4090 poetica
1192 4002 1278 4090 (exe.

246 4259 271 4324 l)
289 4261 371 4312 Hanc
389 4262 512 4326 genetiui
530 4263 645 4314 formam
664 4261 737 4313 solus
756 4262 842 4313 Varro
861 4261 935 4312 etin
953 4259 1071 4327 poeticis
1088 4259 1198 4326 quidem
1215 4276 1278 4326 par-

161 4345 235 4492 p'ppiunp
256 4350 385 4496 rppprIpIBt:
409 4347 526 4412 lynrpltoo
555 4347 640 4412 (Bim.
662 4345 754 4413 XXI),
777 4347 902 4398 Arcados
925 4343 1005 4410 (End.
1027 4343 1117 4408 vm),
1146 4345 1278 4412 rbytltmoa
