3274 5296
647 426 777 485 etrvr
799 427 809 484 l
1243 421 1286 488 29

168 588 248 652 satis
284 587 421 652 licenter
450 587 491 653 ab
527 588 600 674 ipsa
634 585 821 654 tabula-ad
849 611 901 652 res
936 610 1070 652 suorum
1102 598 1285 675 temporum

168 689 307 754 ridicule
331 688 556 776 depingendas
580 688 765 770 transierit,
796 713 900 776 neque
928 691 963 754 in
985 689 1058 754 aliis
1082 690 1138 755 ab.
1153 712 1190 754 eo
1213 713 1285 776 pro-

167 791 273 877 posito
303 813 377 854 eum
405 790 548 854 alienum
575 790 678 855 fuisse
706 791 882 856 uerisimile
909 802 972 857 est.
1022 791 1062 856 In
1088 790 1285 876 logistorlcis

168 915 297 978 quoque
317 891 512 957 alahulosis
535 893 634 959 rebus
650 893 830 958 Varronem
846 916 912 959 non
927 915 1060 980 prorsus
1078 893 1286 958 abhorruisse

168 995 301 1060 Orestes
326 1005 358 1058 et
374 994 537 1081 Tanaquil
561 995 604 1080 (si
619 995 752 1080 quidem
766 995 968 1060 Mercklinus
988 1018 1070 1060 mus.
1087 995 1200 1082 philol.
1216 995 1287 1059 XII

167 1119 199 1182 p-
216 1105 277 1166 392
294 1119 343 1182 sq.
359 1097 574 1183 Tanaquilem
595 1097 682 1161 inter
696 1095 898 1181 logistoricos
914 1107 1001 1162 recte
1015 1096 1155 1183 rettulit)
1179 1107 1286 1162 osten-

168 1197 250 1262 dunt
280 1197 336 1281 (cf.
361 1197 557 1263 Bitschelius
581 1221 664 1264 mus.
686 1198 799 1284 philol.
823 1199 874 1264 VI
902 1223 934 1286 p.
957 1202 1050 1282 543);
1079 1208 1223 1264 ceterum
1245 1199 1286 1262 de

166 1298 218 1362 his
246 1297 340 1364 libris
363 1301 450 1364 infra
472 1300 658 1365 accuratius
682 1301 871 1388 disputabo.
894 1337 937 1348 -
959 1301 1155 1386 Saepissime
1178 1309 1286 1364 autem
1406 1315 1418 1343 ⁸

118 1463 121 1470 .
167 1401 202 1464 in
224 1423 284 1464 sua
308 1411 415 1466 aetate
430 1403 613 1468 Varronem
636 1403 799 1468 actionem
821 1412 951 1466 saturae
975 1401 1153 1468 collocasse
1175 1412 1208 1468 et
1229 1424 1287 1488 per

168 1525 202 1568 se
217 1503 396 1567 uerisimile
419 1514 469 1568 est
491 1514 523 1569 et
544 1504 622 1569 inde
645 1515 792 1591 apparet,
817 1503 904 1591 quod
927 1504 1084 1570 ‘Marcus'
1107 1525 1170 1592 quo
1193 1524 1285 1590 prae-

49 1662 58 1679 .
166 1605 297 1670 nomine
321 1627 356 1669 se
383 1605 490 1691 ipsum
520 1605 699 1691 significari
725 1607 814 1690 uult,
848 1616 884 1671 ut
907 1607 1051 1672 Bimarci
1078 1606 1125 1691 fg.
1150 1605 1203 1672 III
1233 1605 1285 1670 de-

167 1707 287 1790 clarat,
325 1716 456 1794 praeter
491 1707 578 1772 hunc
611 1708 718 1773 locum
751 1709 849 1773 etiam
883 1710 1002 1793 Sexag.
1035 1707 1084 1793 fg.
1117 1705 1222 1774 XVII
1255 1718 1287 1772 et

165 1808 320 1873 Flaxtab.
337 1809 384 1893 fg.
401 1808 449 1873 VI
470 1810 504 1872 in
520 1811 725 1877 sermonibus
742 1810 894 1892 occurrit,
918 1810 1068 1897 quodque
1089 1809 1286 1874 inBimarco

166 1921 200 1976 et
214 1911 401 1996 Marcipore
417 1921 449 1976 et
464 1911 645 2000 Maroopoli
668 1913 789 1979 saturis
805 1935 941 1997 magnas
958 1912 1027 1976 eius
1050 1921 1159 1998 partes
1182 1910 1286 1976 fuisse

165 2036 225 2100 per
247 2035 283 2077 se
306 2024 561 2079 consentaneum
583 2025 644 2094 est.

251 2115 404 2180 Imitatus
421 2138 500 2181 esse
528 2117 635 2183 Varro
664 2116 796 2182 uidetur
822 2117 857 2182 in
880 2117 1020 2183 Tithono
1052 2112 1141 2204 [aspi
1162 2110 1285 2200 yripwsl

166 2217 332 2283 Aristonis
367 2216 424 2282 cei
452 2217 663 2304 Peripatetici
691 2218 826 2302 librum,
861 2242 923 2306 quo
953 2217 1132 2283 Tithonum
1164 2215 1218 2280 ille
1246 2216 1287 2280 de

166 2328 336 2384 senectute
365 2319 581 2385 disserentem
608 2319 800 2404 induxerat3
835 2319 877 2384 cf.
901 2321 1015 2386 Cicero
1039 2318 1174 2383 Catonis
1204 2339 1231 2381 c.
1256 2325 1286 2386 3.

165 2419 365 2487 Ritschelius
388 2443 472 2485 mus.
488 2420 601 2507 philol.
618 2423 635 2486 I
650 2445 681 2508 p.
702 2430 761 2492 193
785 2444 855 2508 sqq.
889 2421 1080 2486 Krahnerus
1104 2419 1125 2484 l.
1143 2442 1170 2483 c.
1186 2441 1219 2504 p.
1234 2425 1286 2486 21.

165 2525 271 2589 Porro
278 2522 464 2588 Promethei
478 2522 746 2588 declamationem
762 2525 797 2587 in
813 2525 1004 2608 cognomine
1020 2533 1131 2588 satura
1142 2518 1287 2605 Aeschy-

165 2624 237 2690 leae
260 2647 332 2689 esse
354 2624 491 2688 similem
507 2624 675 2690 Vahlenus
699 2627 783 2691 coni.
800 2649 831 2712 p.
850 2635 909 2698 168
926 2649 973 2712 sq.
998 2625 1146 2710 agnouit3
1170 2625 1286 2688 Eume-

164 2726 260 2791 nides
277 2735 388 2790 autem
402 2725 564 2792 Varronis
588 2727 668 2814 quin
690 2727 779 2792 idem
801 2751 832 2814 p.
853 2737 912 2799 170
936 2751 984 2815 sq.
1008 2726 1050 2792 ad
1069 2724 1287 2811 Aeschyleam

164 2829 315 2895 fabulam
342 2837 431 2893 recte
460 2827 625 2893 rettulerit
654 2819 785 2913 dubito,
825 2852 898 2894 cum
930 2831 1063 2893 unicum
1094 2829 1141 2914 fg.
1170 2827 1287 2891 XLIX

166 2930 276 3018 aliquo
298 2931 398 2997 modo
419 2930 495 2995 huic
510 2927 654 3017 opinioni
676 2931 849 3017 suffragari
871 2933 985 3018 possit.
1023 2931 1077 2995 Ad
1094 2931 1185 3015 Sesq.
1200 2930 1288 2993 idem

166 3032 256 3118 quod
278 3032 315 3096 in
336 3033 510 3120 propatulo
534 3044 605 3098 erat
620 3033 784 3120 Odyssiae
799 3057 914 3099 uersus
935 3033 1059 3120 aliquot
1075 3030 1286 3119 comparauit.

166 3135 299 3220 Agatho
323 3134 482 3222 numquid
505 3135 548 3199 ad
569 3134 716 3200 Platonis
747 3136 932 3224 exemplum
960 3135 1090 3200 effictus
1119 3136 1176 3216 sit,
1211 3132 1287 3198 nolo

166 3237 356 3302 decernere.
401 3236 483 3302 Oum
500 3237 602 3301 Aiace
626 3239 846 3304 stramenticio
870 3235 1063 3325 Apollodori
1078 3236 1174 3302 Geloi
1195 3239 1288 3298 Ψευ-

169 3339 313 3402 δαίαντα
346 3339 506 3404 Oehlerus
538 3348 569 3403 et
595 3335 793 3404 Ritschelius
821 3363 904 3404 mus.
935 3337 1045 3429 philol.
1068 3338 1140 3402 XII
1166 3361 1197 3424 p.
1228 3345 1287 3407 152

166 3441 355 3507 conferunt.
398 3441 499 3507 Plura
521 3442 711 3507 imitationis
733 3442 873 3527 uestigia
894 3462 960 3507 non
980 3439 1136 3505 uidentur
1158 3448 1288 3522 extare3

165 3545 298 3608 omnino
328 3554 438 3608 autem
466 3544 664 3625 Varronem,
698 3566 910 3631 quaecunque
938 3544 973 3606 in
1001 3542 1111 3607 satiris
1141 3541 1288 3605 imitatus

165 3655 231 3726 est,
265 3644 433 3710 liberrime
462 3667 555 3710 suum
584 3647 618 3709 in
645 3668 741 3710 usum
769 3646 910 3712 uertisse
938 3644 1007 3710 fere
1034 3666 1094 3734 pro
1122 3653 1288 3732 comperto

164 3745 335 3811 affirmare
357 3770 542 3833 possumus.

252 3849 356 3912 Porro
372 3849 490 3932 Verre,
515 3850 601 3914 sicut
615 3848 794 3930 Lucianus,
818 3848 967 3934 dialogos
991 3849 1182 3935 saepissime
1198 3870 1282 3913 com-

162 3951 319 4037 posuisse
348 3951 495 4035 uidetur3
529 3950 592 4016 hoc
619 3950 768 4014 Indicant
796 3973 869 4014 cum
890 3949 1080 4036 frequenter
1100 3951 1209 4038 posita
1230 3947 1288 4012 illa

163 4057 317 4132 ‘inquam'
342 4057 463 4133 ‘inquit'
488 4048 608 4117 similia
630 4052 687 4138 (of.
710 4051 866 4137 Epitaph.
891 4052 937 4116 II.
961 4055 1082 4133 Σκιαμ.
1107 4051 1167 4115 IV.
1190 4051 1287 4116 Eum.

162 4154 231 4218 IX.
267 4153 383 4219 XXX.
416 4153 619 4220 XXXVIII.
659 4143 731 4217 ”Ora
756 4148 830 4232 λύρ.
862 4153 957 4217 XVI.
991 4153 1026 4216 in
1054 4153 1171 4239 quibus
1198 4174 1288 4217 more

161 4254 298 4322 Platoni
312 4257 378 4320 iam
393 4258 515 4322 usitato
530 4255 728 4343 colloquium
750 4275 814 4318 non
836 4256 944 4341 ipsum
966 4254 1059 4340 quasi
1081 4255 1115 4317 in
1137 4275 1289 4320 scaenam

162 4357 322 4444 produci,
351 4359 408 4422 scd
432 4359 474 4424 ab
497 4357 603 4445 aliquo
625 4358 755 4422 homine
777 4358 923 4422 enarrari
943 4356 1093 4438 uidetur,
1123 4357 1179 4442 qui
1201 4356 1288 4422 illius
