3326 5304
729 462 856 520 capvt
878 462 899 519 ll
1328 456 1369 522 83

251 625 447 690 Oorssenum
476 623 719 711 (Aussprache,
747 622 953 691 Vocalismus
982 646 1052 711 sqq.
1083 624 1115 689 d.
1143 621 1202 690 lat.
1231 624 1304 710 Spr.
1333 625 1368 691 ΙΙ

251 737 314 796 454
336 749 406 813 sqq.
430 725 654 811 469),moneo‚
681 725 736 812 qui
759 749 893 812 prorsus
916 725 990 790 illas
1012 726 1136 792 reiecit.

335 829 406 894 Iam
428 850 529 915 pergo
553 828 595 894 ad
623 829 881 914 septenarios
904 828 1157 910 trochaicos,
1187 849 1267 914 quos
1290 827 1369 913 legi-

250 930 311 997 bus
334 929 464 994 illarum
487 952 567 1018 quas
597 930 638 994 de
661 931 798 995 senariis
828 931 966 1016 exposui
994 929 1154 996 similibus
1183 929 1290 995 Varro
1313 929 1369 995 sd·

250 1031 358 1098 hibuit
380 1039 421 1102 27
444 1032 637 1116 fragmentis
662 1041 824 1098 extantes.
869 1031 954 1096 Nam
982 1040 1016 1096 et
1037 1030 1187 1096 Italicam
1210 1033 1369 1118 spondeo-

250 1156 324 1198 rum
350 1131 536 1200 libertatem
568 1132 664 1219 paulo
693 1143 822 1200 tantum
844 1133 950 1198 rarius
978 1143 1119 1220 usurpat
1145 1155 1243 1220 quam
1264 1133 1299 1198 in
1322 1157 1369 1200 se-

250 1235 350 1300 nariis
376 1235 433 1322 (cl.
456 1235 549 1324 Sesq.
573 1235 675 1302 XVII
702 1238 785 1301 ccdm
813 1242 1000 1302 mordacem.
1029 1239 1105 1317 Γερ.
1128 1235 1218 1302 ΧΙΙΙ
1245 1239 1371 1302 alentur

244 1343 412 1420 pannum.
452 1337 565 1424 Magn.
588 1337 645 1403 tal.
667 1337 695 1402 I.
717 1338 820 1404 Abor.
844 1338 885 1401 V.
909 1336 1011 1423 elia),
1034 1337 1125 1402 euius
1148 1337 1195 1402 rei
1217 1336 1270 1403 hie
1291 1361 1369 1425 quo·

251 1463 313 1527 que
329 1438 472 1505 medium
488 1438 621 1526 aliquod
636 1459 739 1524 genus
756 1438 1027 1525 deprehendimus
1043 1439 1369 1523 Ramex-XIII,
1424 1476 1426 1486 ·

250 1542 308 1608 ubi
329 1542 364 1605 in
386 1551 542 1628 quattuor
563 1541 714 1606 uersibus
737 1564 780 1606 ex
802 1543 918 1608 eodem
940 1540 1082 1606 carmine
1105 1541 1286 1628 desumptis
1304 1542 1368 1608 duo

251 1651 379 1709 tantum
406 1642 544 1729 spondei
580 1641 687 1708 Italici
722 1643 949 1729 occurrunt¹);
976 1681 1020 1691 —
1050 1653 1083 1708 ot
1116 1653 1192 1708 ante
1224 1643 1370 1708 iambum

250 1744 399 1810 ultimum
422 1743 587 1830 spondeus
611 1766 714 1830 aequo
735 1745 890 1832 frequens
914 1753 1084 1833 astatque
1106 1745 1140 1808 in
1156 1745 1293 1810 senariis
1312 1744 1368 1830 (cf.

249 1846 448 1913 Ritschelius
472 1845 493 1911 l.
511 1868 538 1910 c.
554 1869 586 1933 p.
603 1845 720 1930 CCX),
743 1869 817 1911 cum
840 1855 879 1916 22
904 1846 1052 1932 spondei,
1075 1859 1094 1917 5
1117 1856 1245 1913 tantum
1268 1850 1370 1914 iambi

250 1971 288 2014 eo
311 1948 382 2014 loco
405 1947 625 2013 inueniantur.
670 1948 835 2012 Accentus
863 1947 1013 2014 uerbalos
1036 1947 1227 2036 metricique
1249 1951 1282 2014 in
1305 1971 1369 2015 me-

251 2049 312 2115 diis
335 2071 491 2115 uersuum
513 2050 662 2137 pertibus
686 2051 817 2135 saepius
840 2071 938 2136 quam
959 2050 994 2113 in
1016 2049 1152 2114 senariis
1175 2073 1279 2138 neque
1301 2061 1370 2116 tam

250 2153 346 2218 certis
369 2150 498 2235 legibus
523 2152 722 2238 discrepant.

334 2251 462 2318 Eadem
488 2253 556 2318 fere
585 2252 777 2318 condicione
805 2252 919 2338 scripti
948 2263 1025 2317 sunt
1051 2253 1256 2317 'octonarii
1288 2263 1369 2320 tro·

250 2355 381 2420 chaiei
405 2357 499 2441 (quos
522 2377 637 2420 uersus
662 2353 749 2418 selus
772 2354 880 2419 Varro
904 2353 1054 2418 adhibuit
1077 2353 1118 2417 cf.
1136 2354 1173 2418 L.
1189 2353 1368 2420 Muellerus

249 2481 281 2543 p.
299 2458 422 2542 108)et
445 2455 673 2542 septenarii
696 2467 734 2521 et
757 2454 958 2522 octonarii
980 2454 1159 2537 iambici,
1184 2478 1267 2542 quae
1291 2456 1369 2523 duo·

250 2558 355 2624 decim
377 2567 410 2624 et
431 2581 550 2623 nouem
579 2567 611 2622 et
633 2580 692 2622 sex
710 2559 900 2643 fragmenta
927 2557 1103 2622 continent.
1147 2547 1193 2622 In
1209 2556 1260 2621 his
1283 2559 1369 2623 enim

250 2682 378 2746 quoque
400 2659 512 2725 metris
537 2657 680 2745 (practer
701 2659 736 2723 id
759 2660 846 2746 quod
868 2659 983 2724 ultimo
1006 2659 1076 2724 loco
1100 2658 1280 2746 nominaui)
1304 2659 1369 2725 Ita·

249 2761 331 2827 lieae
353 2761 506 2827 licentiae
534 2783 609 2826 cum
637 2762 766 2826 Graeca
794 2761 968 2826 seueritate
991 2761 1151 2847 quaedam
1180 2761 1367 2828 commixtio

250 2863 533 2929 animaduertitur.
583 2864 735 2929 (letarum
766 2863 807 2927 do
835 2863 983 2928 omnibus
1016 2864 1066 2927 his
1098 2861 1251 2928 uersibus
1281 2863 1370 2929 ualet

249 2964 337 3052 quod
358 2964 587 3030 Lachmannus
610 2965 644 3029 in
666 2967 764 3030 Luer.
786 2965 821 3031 ΙΙ
845 2975 906 3036 719
930 2963 1055 3046 statuit,
1078 2962 1180 3030 uerbo
1205 2963 1368 3051 dactylico

249 3066 365 3154 pedem
391 3066 579 3132 trochaeum
600 3067 726 3155 expleri
748 3069 782 3132 in
804 3067 994 3132 uniuersum
1016 3089 1083 3132 non
1106 3064 1243 3150 debere;
1272 3089 1369 3152 quam

250 3169 446 3234 sententiam
474 3191 547 3233 cum
576 3169 810 3235 Fleckeisenus
839 3170 873 3233 in
900 3167 1043 3233 Vahlcni
1071 3167 1154 3232 coni.
1178 3190 1210 3254 p.
1234 3174 1294 3236 222
1322 3167 1370 3232 ita

249 3269 501 3352 circumciderit,
524 3282 561 3337 ut
583 3294 603 3335 a
625 3271 729 3358 primo
752 3294 867 3336 uersus
890 3270 973 3356 pede
996 3257 1068 3334 eam
1094 3267 1274 3348 secluserit,
1299 3270 1369 3345 ‘sri-

247 3380 334 3451 core’
358 3384 391 3437 et
412 3376 558 3438 ‘uocibus'
583 3373 693 3456 (Eum.
709 3373 757 3437 IV
760 3421 767 3437 .
784 3371 920 3456 XXXI)
937 3370 1090 3435 trochaeo
1112 3368 1197 3455 pedo
1219 3377 1369 3464 constan-

250 3483 298 3540 tes
321 3497 359 3540 eo
381 3474 465 3561 pede
486 3474 632 3564 retinui..

335 3575 525 3642 Senarios
554 3598 670 3640 uersus
698 3582 913 3641 scazontes
943 3594 1007 3636 non
1037 3571 1180 3658 quinque
1208 3570 1304 3652 locis,
1333 3581 1370 3638 ut

141 3691 147 3704 ’
248 3677 416 3744 Vahlsnus
439 3687 534 3764 putat
555 3700 587 3764 p.
605 3686 644 3750 88
668 3700 728 3763 sq.,
753 3678 811 3742 sed
832 3676 946 3740 decem
968 3683 1025 3738 aut
1046 3673 1197 3738 undecim
1220 3673 1368 3739 inuenies

248 3778 404 3864 legendos
427 3780 557 3844 circiter
580 3778 771 3844 octodecim.
804 3778 870 3859 Qui
893 3800 959 3843 non
982 3775 1112 3863 quidem
1136 3797 1258 3857 omnes,
1282 3775 1370 3860 quod

249 3881 479 3946 Lachmannus
519 3881 553 3944 in
586 3881 684 3946 Lucr.
718 3881 735 3944 I
764 3889 825 3976 136
858 3882 898 3948 de
937 3877 1064 3944 claudis
1099 3876 1259 3942 Varronis
1298 3899 1369 3940 uer-

249 3983 340 4048 sibus
375 3983 565 4049 dubitanter
603 3981 790 4069 proposuit,
826 3981 885 4046 sed
917 3979 1062 4044 maxima
1084 3988 1193 4043 tamen
1227 4000 1244 4041 e
1276 3987 1369 4063 parte

254 4141 455 4150 ——---—-

334 4223 559 4291 neomaenias
582 4223 738 4274 trochaicus
762 4222 816 4272 iam
841 4227 906 4271 auto
929 4221 1081 4271 Varronem
1107 4234 1123 4267 a
1146 4217 1245 4268 Porcio
1270 4217 1369 4268 Licino

249 4307 297 4375 (ef.
318 4310 425 4362 Gellius
444 4309 524 4358 XVII
542 4310 588 4370 ⁶21,
612 4308 656 4368 ts)
681 4323 784 4372 graeca
808 4322 903 4356 nermo
927 4303 1043 4354 tractari
1067 4303 1190 4367 Longius
1213 4319 1239 4368 p.
1258 4305 1290 4352 41
1315 4304 1369 4354 ium
1411 4381 1414 4388 Ι

250 4394 453 4448 animaduertit.

1124 4470 1167 4542 b*
