3294 5306
577 483 666 549 ιιεΡι
693 483 878 550 ιιρειειιιι
1232 485 1291 548 ιιι

654 649 720 716 xv
745 653 813 737 (ιι)

256 753 296 818 Ιιι
318 752 437 839 quibus
461 752 607 836 pertibus
630 752 664 816 in
687 753 885 838 argumentis
909 751 1072 818 Caecilius
1095 751 1201 840 poscit
1222 751 1289 839 pel-

171 875 273 934 mam,
296 854 331 916 in
352 845 473 937 ἤθεσιν
495 853 680 936 Terentius,
703 853 737 918 in
759 854 964 928 sermonibus
987 853 1134 921 Plautus.

555 1049 659 1118 ΠΕΡΙ
686 1039 933 1120 AIPEOEQN‘

685 1159 702 1224 1
726 1159 774 1248 (1)

255 1258 356 1324 Porro
384 1259 460 1326 inde
489 1262 532 1326 ab
559 1283 752 1348 unoquoque
779 1261 919 1348 compito
948 1271 1060 1328 ternae
1087 1261 1162 1325 uiae
1185 1259 1291 1326 oriun-

172 1372 242 1443 tur,
272 1360 432 1448 equibus
462 1361 612 1448 singulae
639 1363 763 1430 exitum
786 1385 825 1427 ac
854 1360 947 1438 τέλος
968 1363 1091 1429 habent
1112 1361 1292 1449 proprium.
1383 1391 1391 1413 ι

172 1463 204 1527 A
225 1463 329 1549 primo
353 1463 494 1550 compito
518 1463 696 1529 dextimam
718 1464 807 1528 uiam
829 1465 935 1529 munit
956 1463 1131 1551 Epicurus.
1309 1475 1327 1533 5

173 1655 215 1701 est
232 1654 324 1702 textus
342 1653 507 1718 scriptorum
527 1649 784 1718 (scripturarum
797 1653 840 1716 B),
860 1667 958 1719 poema
977 1653 1098 1704 inuentio
1112 1666 1207 1718 parua,
1221 1667 1291 1718 quae

171 1719 270 1784 paucis
288 1719 381 1770 uerbis
399 1721 551 1786 expeditur.
592 1720 717 1772 Lucilius
737 1747 769 1758 -·
787 1721 874 1772 Varro
892 1721 1139 1774 Parmenone...‘
1176 1717 1218 1772 Oi.
1237 1721 1293 1770 Lu·

172 1785 252 1836 cilius
276 1791 340 1841 sett.
360 1787 380 1837 l.
399 1787 437 1837 lX
457 1804 500 1854 ep.
520 1788 589 1838 Non.
608 1789 634 1842 h.
654 1789 672 1838 l.
715 1789 800 1840 ‘Pars
819 1794 862 1839 est
881 1803 967 1854 perus
984 1804 1083 1854 poema
1103 1825 1152 1839 ...
1172 1785 1292 1852 epistula

172 1855 237 1904 item
257 1855 372 1919 qnaeris
390 1870 443 1905 non
462 1871 563 1921 magna
582 1871 679 1922 poema
704 1861 758 1913 est:
786 1857 849 1908 Vna
867 1857 959 1922 poesis
979 1870 1047 1922 opus
1065 1859 1166 1916 totum,
1185 1859 1216 1905 ut
1233 1858 1292 1904 tota

170 1921 239 1973 ilias
257 1937 313 1973 une
326 1927 375 1984 est,
396 1923 457 1973 Vna
475 1924 566 1990 poesis
584 1929 615 1974 ut
626 1924 749 1976 Annales
761 1925 847 1974 Enni:
868 1929 951 1990 atque
969 1929 1029 1974 stoc
1042 1939 1125 1974 unum
1138 1925 1188 1974 Est
1206 1922 1292 1972 maius

171 1989 267 2052 multo,
287 2006 375 2055 quam,
396 1991 467 2056 quod
484 1991 541 2040 dixi
561 1995 634 2054 ente,
653 1997 769 2058 poema)
806 1991 864 2055 (De
884 1991 983 2056 ‘etqui
1001 1996 1077 2042 stoc’
1098 1992 1134 2044 ei.
1153 1993 1186 2044 L.
1205 1989 1291 2041 biuol-

171 2057 244 2108 lerus
263 2073 288 2124 p.
308 2059 370 2116 431:
395 2060 519 2125 prolegg.
537 2074 599 2110 mea
617 2058 642 2124 p.
656 2061 689 2110 89
701 2059 755 2124 sq).
819 2059 869 2110 XV
887 2059 991 2110 Nonius
1009 2061 1072 2121 374,
1092 2060 1107 2108 c
1126 2059 1291 2110 ‘Poscere

171 2126 310 2191 accipere.
351 2127 438 2176 Varro
462 2126 635 2178 Parmenone
653 2166 660 2181 .
675 2164 680 2175 .
696 2132 717 2175 .’
758 2127 820 2178 Huc
845 2127 963 2178 sortasse
988 2128 1110 2192 pertinet
1129 2125 1236 2178 Gellius
1253 2126 1292 2176 vl

172 2195 213 2258 14,
232 2195 248 2244 9
268 2193 417 2274 ‘Exempla
435 2195 463 2244 iu
485 2195 575 2244 latina
598 2194 694 2262 lingua
712 2195 748 2248 M.
768 2195 856 2246 Varro
875 2209 936 2246 csse
961 2194 1030 2244 dicit
1047 2195 1183 2244 ubertatis
1202 2194 1291 2244 Peon·

171 2261 259 2380 uian,
279 2261 622 2380 filwssilbliigmcfflum‘
648 2263 848 2313 mediocritatis
871 2261 1050 2314 Terentium)
1087 2261 1131 2312 Oi.
1151 2261 1292 2327 Sedigitas

172 2345 214 2379 a.
261 2345 275 2379 e
302 2345 356 2380 rum
478 2367 483 2378 .

190 2345 207 2395 p
239 2397 330 2447 ΠΕΡΙ
347 2396 540 2448 ΔΙΡΕΟΕΩΝ.
577 2397 637 2448 Hoc
656 2399 765 2448 nomine
783 2398 979 2463 Apollodorus,
1004 2395 1205 2452 Clitomachus.
1225 2395 1290 2462 Epi·

172 2479 261 2522 cirrus.
280 2464 331 2514 alii
349 2465 436 2516 libros
449 2466 629 2531 scripserunt,
650 2470 677 2517 et
696 2467 843 2532 praecipue
856 2465 996 2517 Lucienus
1008 2455 1209 2532 Ἑρμότιμσνῆ
1227 2461 1291 2527 περὶ

171 2525 317 2596 αἱρέσεων.
353 2533 497 2586 Nescimus
516 2537 604 2584 utrum
624 2535 652 2584 in
670 2533 812 2584 inridendo
831 2538 953 2598 tantum,
977 2537 1008 2583 ut
1026 2533 1203 2600 Menippeas,
1228 2547 1291 2582 con·

171 2601 288 2664 stiterit,
315 2615 350 2652 ιιιι
373 2602 503 2653 Antiochi
526 2602 580 2652 iam
599 2601 706 2668 placita
728 2601 780 2652 hec
799 2602 870 2653 libro
895 2601 1136 2652 commendarent.
1173 2599 1217 2654 Oi.
1237 2601 1290 2650 Λιι-

171 2669 297 2734 gustinus
318 2669 351 2719 de
371 2671 424 2720 eiu.
442 2669 486 2720 dei
505 2669 569 2719 XIX
589 2672 602 2719 1
631 2671 683 2720 ‘M.
703 2670 791 2721 Varro
810 2697 842 2706 -
861 2675 916 2719 tarn
936 2668 1049 2720 multam
1067 2667 1101 2719 do
1123 2673 1225 2719 matum
1243 2683 1291 2718 ιιιι-

171 2738 300 2788 rietatem
314 2737 462 2804 diligenter
476 2743 503 2788 st
517 2737 657 2788 subtiliter
676 2742 816 2790 scrutatus
835 2737 963 2802 aduertit,
982 2741 1013 2787 ut
1026 2736 1060 2787 ad
1073 2685 1291 2788 OilLXXXVIIl

171 2808 278 2868 sectas,
297 2821 351 2857 non
370 2820 440 2871 quoe
461 2807 514 2856 iam
535 2811 640 2866 essent,
665 2805 713 2856 sed
732 2819 804 2870 qrrse
823 2821 884 2856 esse
903 2810 1029 2872 possent,
1055 2805 1191 2855 adhibens
1211 2818 1291 2870 quas·

171 2871 234 2922 dam
252 2871 423 2924 differentias
442 2873 575 2924 facillime
594 2873 771 2939 perueniret.’
802 2873 846 2927 cf.
865 2873 973 2923 omnino
992 2872 1031 2923 ibi
1044 2889 1067 2922 c.
1083 2875 1158 2924 1—3.
1211 2871 1290 2922 Ibio-

171 2943 233 2990 nius
245 2941 288 3004 94,
302 2943 334 2993 97
353 2941 527 2992 ‘Dextima
544 2956 593 3008 pro
612 2941 717 2993 dextra.
756 2941 843 2992 Varro
861 2939 927 3005 περὶ
947 2935 1085 3005 αἱρέσεων
1104 2939 1291 3004 (decessor

171 3009 205 3058 W
224 3023 258 3059 m.
282 3024 338 3060 sec.
367 3008 517 3074 σερσιων
540 3010 592 3061 LH
616 3027 649 3061 m.
674 3025 714 3077 pr.
739 3009 1087 3074 sacroscribens.
1112 3009 1148 3060 W
1168 3023 1204 3065 m.
1223 3007 1290 3073 pal:

171 3091 251 3141 porro
339 3077 496 3143 Epicurus)
532 3078 692 3130 Priscianus
710 3077 753 3129 111
771 3093 797 3144 p.
816 3079 864 3142 98,
883 3079 899 3128 8
926 3076 1097 3127 ‘Extimus
1116 3077 1223 3141 duoque
1243 3090 1291 3142 pro

171 3147 292 3194 extremo
320 3143 450 3196 dicebant
478 3147 593 3210 antiqui.
638 3147 726 3198 Varro
752 3144 817 3210 περὶ
845 3139 983 3209 αἱρέσεων
1008 3143 1108 3210 (πηρι
1132 3143 1195 3195 Par.
1215 3144 1289 3196 7499,

171 3211 267 3260 Bumb.
292 3209 382 3261 Carol.
407 3215 562 3266 αιιισ“εον
585 3213 681 3265 Bemb.
706 3226 880 3265 αιπεσεων
904 3212 994 3264 Cerci.
1023 3223 1187 3275 αερισεον
1206 3211 1289 3276 sang.

172 3277 261 3342 Lugd.
285 3293 388 3341 graece
407 3295 458 3330 orn.
478 3280 646 3345 Helberst.)=
670 3296 750 3347 perro
770 3315 796 3330 ..
813 3319 818 3332 .
838 3281 975 3346 Epicurus
999 3279 1120 3344 (Varro
1211 3278 1292 3346 Epi-

172 3397 375 3408 2*-

172 3469 307 3544 rhythmis
323 3469 434 3526 Nonius
454 3470 483 3525 in
499 3467 594 3526 HLW
616 3471 696 3528 eiirrd
710 3473 811 3527 lemma
832 3469 915 3526 babet
931 3471 1127 3542 interpositum
1144 3467 1209 3526 XXV
1225 3483 1290 3527 aer-

172 3557 289 3612 borum:
322 3555 424 3611 deinde
451 3557 547 3628 peryit
580 3558 635 3612 min
662 3564 692 3611 ut
718 3555 779 3612 llies
805 3571 867 3628 sqp.
889 3547 903 3636 ΙΙ
925 3555 991 3612 Enni
1020 3556 1058 3610 W
1087 3555 1170 3612 snt.
1203 3553 1294 3612 reri

171 3643 266 3698 nescio
281 3631 295 3720 ΙΙ
353 3642 365 3693 1
390 3639 505 3696 cecilius
527 3631 620 3721 Wll
677 3641 821 3698 aerleii
842 3641 912 3696 LW
936 3639 1022 3698 etbesi
1043 3641 1153 3714 Popma
1181 3628 1291 3714 ἤθεσιν

171 3727 277 3797 scripsi
291 3742 355 3781 rum
373 3724 501 3792 Oebiera,
518 3723 556 3798 cs.
575 3723 723 3782 Charisius
740 3743 770 3798 p.
786 3730 835 3781 241
857 3713 969 3798 effi,
997 3733 1026 3782 ut
1047 3728 1085 3782 sit
1100 3727 1183 3782 Verre
1204 3726 1237 3783 (le
1253 3725 1290 3784 lu·

173 3812 230 3868 tino
246 3827 372 3868 sermone
393 3809 463 3868 libro
479 3810 514 3876 V,
537 3810 620 3867 nullis
642 3809 702 3866 ollis
722 3827 832 3868 seruere
854 3813 996 3874 conuenit,
1019 3827 1099 3886 qumn
1121 3809 1222 3868 Titinio
1239 3811 1289 3868 Τι-

173 3897 262 3953 rentlo
288 3899 381 3960 Attee;
404 3887 490 3967 παθη
515 3913 581 3953 uero
606 3895 708 3952 Trabes
729 3897 828 3953 Atilius
843 3895 975 3953 Caecilius
992 3896 1069 3952 lucile
1084 3897 1253 3954 innuerunt!
1272 3893 1284 3974 ΙΙ

172 3985 188 4036 9
210 3997 320 4056 quoque
341 3981 374 4038 eb
396 3999 449 4038 uno
474 3981 566 4038 Cerei.
583 3972 597 4061 ΙΙ
612 3988 740 4054 compoto
764 3973 1003 4061 impalluisse
1024 3998 1077 4038 em.
1096 3981 1182 4054 Seno.
1200 3981 1288 4055 lepti.

172 4083 208 4123 m.
221 4082 270 4139 pr.
294 4068 354 4122 uice
371 4067 464 4123 Cerci.
481 4057 486 4147 Ι
510 4084 541 4123 er
558 4066 658 4140 quibus
674 4065 760 4122 Haila
777 4066 866 4138 Lepci.
885 4057 1007 4145 Corelli
1064 4071 1080 4120 4
1103 4065 1242 4139 sinegulee
1260 4065 1292 4120 H

172 4167 206 4208 m.
222 4168 269 4223 pr.
293 4153 351 4208 sine
368 4151 477 4208 ullseL
499 4143 505 4232 Ι
521 4161 630 4208 ertume
652 4150 753 4208 exitum
772 4150 805 4207 ml
821 4150 911 4207 creles
934 4150 1033 4206 HLW
1056 4152 1157 4207 exitum
1173 4169 1204 4207 se
1220 4151 1289 4208 telos

172 4237 235 4293 edd.
258 4236 351 4300 Nonii.
372 4237 453 4294 codd.
476 4235 635 4303 Prisciani,
652 4238 708 4292 nisi
727 4237 804 4308 quod
820 4235 913 4291 Caret.
929 4253 966 4290 m.
982 4249 1037 4291 sec.
1060 4238 1160 4292 exitum
1182 4235 1215 4292 ml
1230 4253 1290 4293 cse-

172 4320 214 4378 los
229 4311 243 4400 ΙΙ
283 4326 299 4376 5
319 4324 430 4396 conpito
448 4320 479 4376 H
498 4330 624 4396 competo
642 4320 733 4378 Cerei.
752 4315 765 4401 ΙΙ
788 4319 953 4397 dispiceres
970 4319 991 4375 L
1014 4337 1131 4395 epcurus
1147 4321 1180 4378 H
1191 4339 1227 4378 m.
1238 4339 1288 4394 pr.

173 4406 215 4462 Ab
236 4405 368 4481 Epicurus
395 4423 498 4464 nouam
519 4410 686 4464 sententiam
708 4407 808 4478 incipit
829 4406 929 4462 Bemb.
947 4406 1038 4462 Bere.
1060 4405 1145 4464 Hele.
1164 4405 1256 4478 Cerei.
1274 4398 1286 4488 ΙΙ
