3274 5296
350 449 391 515 36
825 456 953 512 CAPV'I
983 456 995 510 l

351 641 451 705 supra
465 619 624 700 nominati
646 620 767 684 mortui
783 630 869 702 sunt,
894 619 934 684 de
950 619 1045 683 annis
1062 619 1320 705 conscriptorum
1336 619 1466 705 logisto-

349 722 492 784 rioorum
514 743 626 785 eruere
648 719 772 806 liceo).

435 824 500 887 Res
523 823 613 908 ipsas
645 845 687 886 ex
708 845 829 906 genere
861 821 995 903 morali,
1028 823 1188 904 naturali,
1223 821 1377 888 historico
1403 832 1466 886 tra-

351 925 434 990 ctari
457 934 489 988 et
513 927 614 988 serias
645 933 676 988 et
700 924 784 988 serio
812 924 878 988 iam
905 925 1099 1007 memoratri,
1133 947 1239 1010 neque
1266 925 1354 989 inter
1380 924 1466 1008 frag·

350 1038 460 1091 menta
475 1024 576 1089 ullum
594 1036 696 1106 extat,
720 1026 807 1111 quod
829 1027 980 1090 uersibus
997 1035 1147 1090 constare
1172 1026 1299 1112 (uersus
1315 1027 1465 1112 proprios

351 1151 422 1192 esse
445 1129 610 1191 immixtos
632 1128 805 1214 praeterea
828 1136 860 1191 et
882 1127 990 1213 ipsum
1012 1112 1274 1211 logistorioorum
1296 1149 1413 1191 nomen
1435 1137 1467 1192 et

351 1229 486 1294 Catonis
509 1229 679 1315 Laeliique
707 1230 907 1315 comparatio
937 1229 1070 1292 credere
1097 1229 1262 1315 prohibet)
1289 1227 1343 1294 uel
1371 1228 1466 1293 leuis·

351 1333 435 1395 sima
463 1331 629 1396 exoriatur
657 1331 812 1417 suspitio,
846 1331 1031 1417 Rocperum
1056 1339 1168 1394 autem
1195 1331 1251 1416 qui
1277 1341 1315 1395 ut
1336 1330 1467 1416 ingenio

352 1456 409 1498 suo
433 1432 619 1516 indulgeret
640 1433 693 1496 hio
715 1455 842 1519 quoque
864 1455 981 1496 uersus
1009 1432 1117 1496 hercle
1140 1455 1238 1518 quam
1260 1455 1378 1497 suaues
1403 1432 1465 1496 sibi

352 1536 513 1618 denegare
535 1557 601 1598 non
623 1535 730 1619 potuit
754 1533 879 1619 (philol.
895 1534 946 1598 IX
968 1535 1032 1602 276
1046 1557 1094 1620 sq.
1117 1555 1225 1620 progr.
1243 1533 1368 1598 (ledan.
1386 1540 1466 1604 1858

351 1635 421 1716 ab),
446 1656 465 1698 a
488 1634 685 1721 quibusdam
706 1635 787 1698 uiris
812 1635 916 1700 doctis
939 1635 1115 1721 probatum
1138 1657 1209 1698 esse
1232 1633 1466 1699 1111111111-

350 1737 523 1802 miratione
553 1737 709 1822 comperi.l
762 1736 836 1801 Hoc
863 1737 972 1823 potius
1006 1737 1072 1801 iam
1100 1736 1276 1800 discrimen
1309 1735 1465 1801 habemus

352 1861 415 1924 quo
438 1861 458 1902 a
481 1839 600 1902 saturis
624 1837 683 1901 hos
706 1837 808 1904 libros
833 1860 1056 1922 segregemus,
1085 1847 1122 1901 ut
1144 1839 1173 1901 si
1195 1837 1283 1924 quod
1304 1838 1466 1923 fragmen-

352 1951 421 2005 tum
443 1941 595 2006 uersibus
620 1948 763 2020 constet,
793 1937 992 2024 logistoricis
1015 1963 1080 2004 non
1108 1939 1212 2025 possit
1240 1940 1333 2024 addi,
1367 1961 1467 2026 quare

351 2041 536 2106 Mercklino
558 2041 580 2105 l.
598 2063 624 2105 o.
641 2039 712 2105 XII
734 2065 766 2128 p.
783 2049 845 2112 394
868 2041 1075 2125 Agathonem
1098 2051 1131 2104 et
1145 2042 1382 2106 Parmenonem
1403 2040 1466 2104 buc

351 2143 561 2208 transferenti
583 2143 736 2208 assentiri
757 2164 821 2206 non
843 2165 1027 2229 possumus.
1071 2143 1220 2207 Alterum
1236 2144 1411 2208 discrimen
1427 2165 1467 2206 ex

352 2246 511 2310 sermonis
538 2243 649 2310 indole
677 2267 857 2326 sumemus,
892 2245 1043 2330 quoniam
1070 2267 1281 2330 quaecunque
1302 2245 1413 2309 iocose
1435 2253 1468 2307 et

351 2347 471 2413 festiue
507 2346 597 2411 diota
626 2345 931 2433 deprehenduntur,
966 2369 1004 2410 ea
1031 2346 1226 2431 logistoriois
1253 2333 1360 2410 minus
1389 2355 1468 2431 apta

352 2473 424 2514 esse
445 2448 680 2532 iudicauimus3
713 2470 774 2513 nec
803 2458 914 2513 tamen
941 2449 1029 2514 omni
1051 2469 1184 2512 numero
1213 2457 1339 2513 certum
1361 2455 1412 2512 111
1432 2446 1468 2509 id

437 2689 462 2752 1)
482 2689 672 2738 Laudationes
685 2689 819 2738 Varronis
837 2703 905 2753 quas
923 2689 1021 2740 Cicero
1035 2689 1119 2744 Acsd.
1139 2691 1152 2739 I
1170 2692 1195 2753 2,
1214 2691 1230 2739 8
1248 2690 1289 2738 Ita
1309 2687 1401 2738 affert:
1421 2688 1468 2737 ‘Et

351 2783 434 2825 tamen
452 2776 478 2823 in
495 2773 623 2823 ueteribus
640 2775 747 2830 nostris,
768 2789 832 2838 qaae
851 2773 998 2838 Menippum
1016 2774 1118 2832 imitati,
1143 2791 1193 2824 non
1211 2776 1387 2838 interpretati,
1407 2789 1467 2838 qaen-

352 2862 410 2909 dom
427 2859 558 2908 hilaritate
576 2860 773 2920 conspersimus,
797 2861 873 2907 multa
895 2861 1011 2908 admixta
1030 2875 1064 2907 ea
1084 2861 1172 2908 intima
1191 2859 1366 2922 philosophia,
1391 2861 1467 2906 malta

353 2946 423 2994 dicta
441 2945 586 3000 dialectice,
606 2957 720 3006 quaeque
739 2959 786 3007 quo
803 2943 906 3004 facilius
923 2946 1002 2993 minus
1021 2946 1090 2994 docti
1106 2946 1294 3007 intellegerent,
1313 2944 1467 2993 iucunditate

353 3030 461 3094 quadam
479 3028 515 3076 ad
532 3028 661 3090 lependum
679 3027 802 3076 inuitati*
822 3029 832 3075 i
836 3045 852 3075 n
871 3029 1125 3086 laudationibus,
1145 3031 1171 3076 in
1188 3029 1228 3078 his
1249 3031 1313 3092 ipsis
1330 3029 1467 3093 antiqnita-

353 3121 402 3162 tum
418 3113 558 3177 prooemiis
572 3112 751 3174 philosophiae
769 3112 883 3160 scrihere
901 3114 1034 3172 noluimus,
1053 3115 1076 3162 si
1092 3115 1165 3162 modo
1183 3114 1313 3162 consecuti
1328 3115 1421 3162 sumns’
1435 3138 1467 3146 -

352 3198 402 3246 has
426 3197 512 3262 igitur
534 3195 710 3245 laudationes
729 3195 888 3245 Krahnerus
911 3195 929 3248 l.
950 3213 972 3248 c.
991 3212 1017 3260 p.
1039 3199 1077 3248 12,
1108 3197 1186 3249 Varr.
1207 3197 1288 3245 Curio
1311 3212 1338 3260 p.
1359 3198 1390 3246 17
1413 3210 1467 3244 non

354 3297 413 3331 esse
433 3281 557 3330 diuersas
580 3279 702 3330 affirmat
724 3295 741 3328 a
762 3280 940 3344 logistoricis.
978 3281 1097 3342 Quorum
1121 3296 1181 3330 curn
1198 3282 1292 3346 Pium,
1313 3280 1466 3342 Sisennam,

354 3365 500 3416 Curionem
518 3364 713 3444 laudationum
727 3380 839 3416 munere
858 3366 966 3415 functos
988 3379 1043 3414 non
1066 3367 1102 3415 sit
1125 3365 1303 3429 incredibile,
1326 3364 1468 3429 haudqua-

353 3467 434 3516 quam
452 3456 546 3500 tamen
565 3465 599 3499 ea
617 3466 671 3499 nox
689 3450 718 3498 in
735 3450 852 3500 Marium
875 3450 922 3499 uel
940 3449 1072 3500 Scaurum
1090 3451 1195 3501 adeone
1215 3450 1340 3500 Orestem
1365 3449 1467 3499 cadere

352 3541 453 3599 potest.
490 3535 545 3584 Sed
569 3536 678 3584 omnino
703 3535 845 3584 Ciceronis
868 3535 916 3584 ille
940 3535 1035 3585 uerbis
1059 3537 1127 3600 ipsis
1150 3535 1299 3596 refellitur,
1330 3551 1409 3598 quem
1432 3549 1467 3582 111

352 3620 439 3668 Varro
463 3618 511 3667 ille
539 3611 634 3676 δεινὰς
658 3609 745 3684 ἁνήρ,
773 3620 852 3670 cuius
875 3620 908 3668 de
934 3620 1054 3669 minimis
1082 3621 1164 3670 rebus
1188 3619 1314 3684 querelas
1338 3618 1469 3668 formidat

353 3700 429 3767 (epp.
455 3703 489 3750 ad
507 3703 563 3755 Att.
583 3704 651 3752 XIII
675 3703 720 3762 25,
740 3702 780 3767 3),
808 3705 837 3752 in
859 3704 900 3753 his
925 3704 1003 3754 libris
1029 3703 1133 3769 aliquid
1155 3705 1281 3753 inueniat
1306 3703 1467 3754 offensionis

354 3787 434 3836 111111
450 3801 561 3836 curasse
574 3788 714 3851 uidemus;
726 3789 810 3838 certis
823 3789 907 3853 igitur
919 3789 1000 3851 hunc,
1017 3804 1077 3838 oum
1089 3789 1221 3839 Varronis
1234 3789 1319 3838 libros
1331 3787 1467 3852 laudaret,

352 3872 509 3922 nominibus
533 3875 561 3921 11
579 3871 724 3921 1111111111
747 3871 876 3922 facilibus
899 3874 941 3922 111
964 3877 1177 3923 consentaneum
1202 3877 1257 3936 est,
1282 3872 1378 3937 qualia
1405 3875 1468 3921 sunt

353 3961 399 4007 ‘es
413 3957 511 4022 quibus
521 3957 680 4032 Menippum
691 3960 736 4006 est
747 3956 882 4008 imitatus’
896 3963 924 4008 11
936 3959 1086 4022 ‘prooemia
1100 3959 1316 4023 antiquitatum’.
1334 3958 1467 4013 Fortasse

353 4043 446 4092 extitit
463 4057 563 4092 reuera
580 4041 801 4106 logistorioorum
819 4057 918 4092 nomen
935 4043 964 4091 in
982 4041 1098 4107 lacuna,
1122 4059 1203 4108 quam
1226 4047 1288 4108 post
1309 4057 1406 4092 vocem
1428 4044 1467 4090 in·

351 4129 427 4176 nitati
449 4127 551 4193 primns
571 4125 752 4176 casaubonus
775 4127 809 4175 de
828 4130 881 4175 sat.
899 4141 974 4191 poss.
995 4125 1042 4180 Gr.
1062 4132 1090 4175 et
1108 4128 1184 4179 Itom.
1203 4127 1290 4176 satira
1309 4144 1334 4190 p.
1353 4129 1403 4176 202
1422 4125 1468 4175 de-

353 4212 431 4264 texit,
467 4211 657 4262 Laudationes
677 4214 769 4260 sutem
787 4211 859 4266 intu
878 4211 1030 4259 orationum
1049 4211 1133 4261 libros
1151 4212 1231 4260 XXII
1249 4213 1284 4260 ab
1299 4211 1467 4274 Hieronymo

354 4300 577 4346 commemoratos
597 4296 815 4346 commodissime
834 4300 969 4359 ponentur
988 4308 1048 4343 cum
1066 4295 1218 4344 Ritscholio
1237 4296 1255 4344 l.
1275 4311 1299 4349 1.
1318 4312 1343 4360 p.
1358 4297 1408 4344 496
1427 4311 1468 4360 sq.
