3274 5296
669 465 797 521 CAPV'l'
826 467 837 521 l
1291 464 1309 526 7

168 691 172 700 ,
194 625 386 710 scriptorem
408 627 528 690 mentis
552 638 746 712 compotem,
769 626 850 692 illud
873 651 991 712 genus,
1015 631 1066 694 cui
1087 630 1148 694 hcc
1170 631 1309 696 alterurn
1356 693 1363 704 ,

194 726 348 813 opponit,
372 725 462 791 sola
484 727 662 792 carminum
690 729 849 794 uarietate
871 753 943 794 esse
965 731 1114 796 mixtum.
1159 733 1210 796 Ea
1229 756 1309 800 uero

193 851 257 892 non
279 836 388 914 potest
409 836 588 893 metrorum
616 831 800 915 significare
828 833 1038 914 uarietatem,
1067 856 1142 897 cum
1164 835 1309 900 Lucilius

186 929 394 1016 plerumque,
417 929 577 995 Horatius
600 941 710 998 autem
732 944 765 997 et
780 934 912 999 Persius
934 934 970 997 in
991 935 1101 999 satiris
1123 936 1245 1022 ubique
1259 940 1310 1002 usi

193 1035 258 1114 siut
284 1031 503 1115 hexametris3
532 1041 665 1098 econtra
693 1035 834 1099 uarietas
863 1059 961 1121 quam
982 1035 1031 1100 illi
1053 1036 1255 1103 adhibebant
1275 1042 1309 1103 in

192 1133 277 1199 serio
306 1133 484 1218 iocoseque
517 1157 666 1200 sermone
699 1136 843 1200 uicissim
875 1137 1026 1223 ponendo
1055 1148 1087 1202 et
1116 1139 1245 1204 omnino
1274 1141 1308 1202 in

192 1244 459 1319 argumentorum
482 1235 672 1301 diuersitate
695 1239 878 1304 constabat.
911 1239 1006 1304 Hanc
1021 1241 1123 1323 igitur
1137 1263 1210 1304 oum
1226 1241 1308 1305 Var-

191 1337 327 1401 roniano
350 1359 478 1424 quoque
500 1339 612 1422 generi
634 1339 757 1404 Fabius
786 1339 953 1425 adsignet,
983 1337 1080 1404 aliam
1108 1342 1207 1406 ctiam
1228 1343 1308 1407 inibi

191 1439 385 1502 uarietatem
406 1438 512 1503 fuisse
533 1439 694 1524 perhibet,
717 1463 814 1526 quam
836 1464 955 1526 magno
977 1453 1089 1508 nostro
1113 1442 1309 1508 detrimento

191 1563 256 1604 non
279 1541 404 1626 apertis
426 1540 537 1606 verbis
561 1541 726 1626 significat
754 1542 813 1608 sed
841 1544 1012 1620 obscurius
1035 1554 1164 1608 tantum
1193 1547 1307 1630 tangit.

191 1641 302 1707 Possit
322 1642 396 1729 quis
418 1641 466 1706 ita
487 1641 640 1728 supplere
663 1650 741 1708 ‘non
763 1642 834 1709 sola
855 1647 1035 1710 carminum
1057 1645 1079 1711 i.
1096 1669 1123 1710 o.
1140 1671 1309 1732 argumen-

192 1751 298 1808 torum
320 1743 355 1806 in
377 1743 579 1808 carminibus
603 1753 827 1828 tractatorum,
851 1746 909 1810 sed
932 1748 1029 1812 ctiam
1052 1758 1231 1813 metrorum
1252 1773 1308 1812 ua-

171 1844 308 1947 'rietate
330 1845 494 1926 mixtum'‚
517 1844 601 1910 alius
625 1854 736 1910 autem
757 1846 839 1912 baec
862 1848 1094 1914 coniectauerit
1116 1849 1187 1914 ‘sed
1209 1851 1309 1915 etiam

171 1946 387 2094 p(uariorum)
409 1958 587 2012 metrorum
610 1971 683 2012 cum
708 1951 857 2034 prosario
886 1972 1034 2014 sermone
1062 1953 1308 2017 coniunctorum

190 2049 350 2114 uarietate
377 2049 540 2129 mixtum',
569 2059 603 2114 et
627 2059 743 2114 neuter
771 2073 789 2115 e
817 2051 1013 2133 Quintiliani
1045 2053 1156 2119 uerbis
1188 2054 1310 2138 poterit

190 2149 368 2236 refutari.¹)
413 2150 523 2231 Quare
552 2173 612 2236 ego
640 2151 702 2216 hoc
729 2153 793 2216 iam
820 2152 891 2219 loco
920 2176 1148 2239 praemonere,
1178 2179 1238 2219 nos
1266 2179 1308 2220 cx

190 2252 286 2318 Fabii
318 2252 431 2318 uerbis
463 2253 497 2316 in
530 2252 588 2317 illa
624 2255 822 2338 grauissima
855 2257 1045 2342 quaestione
1082 2255 1128 2318 nil
1163 2255 1307 2343 praesidi

191 2353 362 2420 habituros
387 2377 469 2435 esse,
493 2355 596 2418 tutius
620 2354 711 2419 duxi.
755 2355 842 2419 Nam
869 2367 902 2421 et
923 2354 1006 2420 illud
1027 2357 1092 2420 iam
1114 2358 1307 2438 monstraui,

190 2455 370 2521 Varronem
393 2479 460 2521 non
483 2478 556 2520 cum
571 2457 678 2548 Ennio
701 2457 755 2521 hic
778 2459 878 2522 tacite
901 2458 1061 2543 componi,
1079 2459 1166 2543 quod
1183 2482 1225 2522 ex
1239 2481 1307 2522 cor-

190 2559 295 2644 ruptis
318 2555 383 2621 illis
413 2558 526 2622 ‘etiam
548 2561 652 2644 prius'
681 2557 834 2623 concludi
860 2559 981 2645 possit3
1006 2561 1060 2644 agi
1083 2561 1169 2624 enim
1191 2559 1232 2624 de
1254 2583 1307 2644 gc-

189 2682 265 2724 nere
287 2657 344 2725 illo
366 2660 454 2744 quod
475 2660 546 2746 ipse
569 2660 676 2725 Varro
698 2660 821 2747 primus
843 2661 1008 2726 inuenerit
1029 2661 1285 2747 condideritque.

251 2762 293 2826 In
316 2759 541 2828 describendis
564 2761 724 2828 Varronis
748 2764 869 2828 saturis
892 2763 1021 2827 initium
1044 2763 1235 2828 sumendum
1258 2773 1309 2828 est

189 2887 209 2927 a
229 2863 300 2929 loco
325 2861 425 2928 Gellii
447 2862 483 2926 Π
499 2873 550 2946 18,
567 2873 587 2934 6
603 2887 664 2951 sq„
687 2887 783 2951 quem
805 2865 993 2930 Macrobius
1018 2865 1307 2946 Saturn.111‚42

189 2966 313 3030 eisdem
335 2964 448 3030 uerbis
472 2966 661 3051 exscripsit:
686 2972 761 3032 ‘Alii
786 2989 904 3046 quoque
929 2989 990 3032 noa
1013 2974 1113 3046 pauci
1137 2975 1221 3032 serui
1237 2971 1307 3044 sae-

187 3078 261 3132 ruai
283 3074 337 3147 qui
354 3077 424 3146 post
444 3072 620 3147 philosophi
644 3075 726 3132 clari
751 3076 925 3134 extiterunt.
965 3089 1005 3133 ex
1032 3073 1139 3148 quibus
1165 3075 1217 3133 iiie
1243 3075 1306 3134 Me-

187 3177 299 3250 nippus
321 3172 402 3247 fuit,
431 3175 517 3234 cuius
544 3176 639 3234 libros
665 3175 710 3234 M.
741 3177 842 3235 Varro
870 3178 901 3234 in
928 3178 1033 3238 satiris
1060 3178 1226 3236 aemulatus
1253 3183 1306 3249 est,

188 3293 263 3351 quas
291 3277 349 3336 alii
374 3277 514 3352 cyniaco,
550 3278 615 3351 ipse
647 3279 785 3352 appellat
819 3277 1021 3352 Menippeas!
1078 3271 1179 3336 Paulo
1214 3271 1308 3336 aliter

187 3371 275 3437 idem
291 3371 419 3436 Gellius
435 3369 525 3435 XHI
541 3380 592 3454 31,
612 3383 628 3442 1
653 3373 749 3438 dicit:
775 3381 828 3421 ‘—
842 3385 1018 3439 saturarum
1033 3379 1079 3438 M.
1103 3381 1251 3439 Varronis
1268 3411 1305 3420 —

187 3496 264 3554 qaas
287 3481 405 3554 purtim
432 3481 558 3556 cynicus
589 3481 645 3540 alii
671 3481 849 3556 Menippeas
881 3481 1062 3555 appeliant!
1112 3475 1306 3561 Menippeas

187 3574 417 3662 appellationis
451 3575 570 3641 rationi
605 3577 726 3662 apertis
759 3577 870 3642 uerbis
906 3575 1125 3641 declarandae
1152 3575 1305 3642 Valerius

187 3679 317 3744 Probus
346 3677 403 3762 qui
430 3675 566 3759 dicitur,
589 3677 717 3762 Vergili
739 3687 985 3759 commentator,
1009 3702 1141 3766 operam
1170 3679 1307 3743 nouauit

187 3780 243 3866 qui
276 3778 321 3844 ad
353 3777 454 3864 Verg.
484 3778 544 3844 ecl.
572 3780 622 3844 VI
651 3788 687 3849 31
719 3803 751 3866 p.
777 3791 831 3862 14,
868 3790 908 3850 19
941 3780 1028 3846 Keil.
1056 3780 1137 3845 haec
1163 3779 1304 3866 profert:

256 4051 281 4116 1)
301 4051 408 4102 Futilia
432 4056 524 4104 autem
547 4055 689 4119 Roeperus
713 4053 808 4118 philol.
829 4055 923 4105 XVIII
940 4058 990 4107 430
1014 4055 1144 4119 protulit,
1170 4054 1217 4117 qui
1234 4055 1306 4105 talia

131 4165 135 4173 =
187 4137 393 4201 Quintilianum
411 4142 493 4203 putat
505 4141 641 4207 sensisse:
660 4155 713 4189 non
732 4139 792 4189 sola
812 4141 961 4189 carminum
978 4141 996 4189 i.
1012 4155 1036 4189 e.
1049 4145 1195 4189 metrorum
1213 4141 1306 4190 uarie-

185 4225 245 4274 tate
268 4223 397 4285 mixtum,
425 4221 474 4272 sed
502 4224 586 4273 etiam
610 4223 676 4274 serii
699 4224 841 4287 iocosique
863 4225 998 4275 sermonis
1023 4226 1225 4274 coniunctione.
1262 4226 1304 4275 An

186 4307 258 4358 forte
282 4307 318 4357 ab
340 4307 497 4358 Horatiano
521 4323 623 4374 genere
645 4309 717 4360 haec
739 4308 898 4358 coniunctio
922 4310 1033 4372 aberat,
1056 4312 1088 4358 ut
1111 4324 1144 4360 ea
1162 4313 1303 4374 tamquam

186 4391 299 4458 propria
316 4392 435 4444 Varroni
453 4393 638 4444 tribueretur?
