3326 5304
328 448 370 512 84
800 441 926 507 olrv'r
949 449 972 506 ll

329 619 458 684 Graeca
485 626 560 680 sunt
583 615 756 679 seueritate
779 614 967 700 compositi3
996 634 1112 699 nempe
1138 624 1241 678 metro
1264 637 1285 678 a
1305 615 1447 680 neoteri-

328 721 375 784 cis
399 719 530 782 demum
552 717 668 802 poetis,
687 716 830 781 fortasse
852 739 872 780 a
886 716 1036 780 Varrone
1058 715 1140 801 ipso,
1156 715 1294 792 Romam
1316 716 1446 780 inuecto

327 830 483 884 nontam
510 817 725 904 pugnandum
748 827 818 882 erat
845 827 961 882 contra
987 815 1138 881 Italicam
1167 818 1321 882 duritiem
1348 840 1447 905 quam

329 923 375 987 eis
404 943 488 1007 quae
516 919 742 985 scaenicorum
768 920 835 984 iam
861 943 924 984 usu
952 919 1090 984 formam
1119 941 1212 983 suam
1240 929 1445 1006 acceperant.

328 1024 439 1105 Quare
462 1031 578 1108 quator
600 1044 656 1106 pes
680 1021 856 1104 secundus,
873 1031 923 1086 ter
938 1031 1065 1111 tantum
1087 1021 1184 1107 (Pap.
1201 1021 1283 1087 XII.
1299 1021 1386 1086 End.
1402 1020 1445 1086 V.

332 1116 377 1188 Τὸ
394 1122 443 1187 ἐπ.
460 1145 486 1190 τ.
505 1146 584 1206 pua.
601 1123 650 1210 II)
674 1134 809 1209 quartus
832 1123 1012 1209 productus
1036 1133 1102 1207 est3
1125 1145 1221 1209 porro
1239 1125 1372 1210 quintus
1388 1147 1445 1209 pes
1527 1177 1529 1180 .

327 1237 456 1292 tantum
477 1249 544 1291 non
565 1225 687 1312 ubique
710 1224 907 1310 elegantiam
926 1223 1034 1300 induit
1061 1227 1136 1310 puri
1161 1226 1280 1308 iambi,
1311 1226 1368 1312 qui
1396 1237 1446 1290 ter

330 1328 430 1414 (End.
446 1325 489 1392 V.
514 1327 603 1411 Epir.
620 1327 647 1389 l.
670 1327 810 1413 Marcip.
825 1325 942 1411 XVII)
961 1326 1142 1413 spondeum
1157 1349 1287 1414 quoque
1308 1327 1446 1392 moleste

328 1429 470 1516 accepit,
500 1428 535 1492 id
557 1429 645 1516 quod
673 1451 756 1492 unus
779 1439 854 1514 post
875 1426 968 1491 illum
991 1428 1147 1494 Boethius
1172 1429 1306 1494 admisit
1328 1429 1386 1514 (of.
1405 1429 1444 1494 L.

327 1531 504 1596 Muellerus
527 1554 560 1616 p.
585 1539 645 1602 149
669 1531 744 1616 sq.).
788 1529 924 1594 Errauit
945 1531 1048 1614 Igitur
1069 1528 1239 1594 Vahlenus
1261 1528 1284 1594 l.
1307 1553 1347 1613 c.,
1371 1552 1445 1594 oum

328 1632 491 1719 spondeos
514 1655 534 1695 a
556 1630 699 1696 secundo
722 1654 834 1717 paene,
860 1654 880 1694 a
901 1642 1016 1718 quarto
1040 1641 1073 1696 et
1087 1631 1201 1718 quinto
1216 1632 1300 1718 pede
1316 1632 1444 1697 omnino

328 1733 526 1799 excluderet.
572 1735 738 1797 Accentus
766 1734 941 1798 uerborum
962 1755 1183 1820 uersuumque
1209 1736 1245 1797 in
1266 1733 1374 1798 media
1397 1733 1443 1797 di·

327 1836 427 1922 podia
449 1834 656 1900 consentiunt
683 1843 813 1921 praeter
840 1835 926 1900 End.
948 1834 991 1900 V.
1019 1835 1156 1921 Papiap.
1179 1834 1250 1900 XII
1276 1844 1309 1900 et
1334 1835 1443 1900 Prom.

328 1939 398 2004 XII
422 1936 500 2023 (nisi
522 1935 570 2002 ibi
593 1945 643 2001 est
665 1958 770 2001 sermo
793 1937 972 2022 pedester).

414 2039 618 2105 seueriorem
655 2037 754 2103 etiam
789 2059 936 2102 normam
979 2037 1179 2103 trochaici
1222 2039 1444 2125 septenarii

328 2141 464 2206 claudi
487 2145 653 2222 secuntur,
677 2161 758 2227 quos
781 2140 814 2203 in
838 2140 950 2205 decem
972 2139 1166 2224 fragmentis
1182 2139 1377 2206 inuenimus.
1404 2143 1445 2207 In

326 2243 443 2308 horum
467 2242 553 2305 enim
574 2263 746 2322 uersuum,
776 2242 895 2326 quibus
924 2241 1012 2306 solus
1035 2243 1141 2306 Varro
1170 2243 1256 2306 inter
1277 2242 1443 2309 Romanos

264 2359 267 2366 '
295 2345 298 2348 ’
326 2367 406 2410 usus
430 2353 479 2408 est
503 2341 560 2428 (cf.
583 2344 622 2407 L.
644 2342 823 2408 Muellerus
851 2367 884 2430 p.
909 2343 995 2428 111),
1019 2354 1113 2431 parte
1135 2345 1243 2430 priore
1265 2367 1443 2431 nunquam,

327 2448 362 2511 in
383 2447 564 2532 posteriore
591 2446 644 2511 bis
672 2453 800 2511 tantum
824 2444 958 2530 (Sexag.
982 2445 1026 2509 X.
1051 2445 1170 2530 XXII)
1201 2441 1365 2532 spondeos
1388 2445 1444 2511 ad-

326 2547 417 2611 misit
442 2547 478 2610 in
507 2546 601 2612 sedes
629 2547 787 2633 impares,
817 2545 916 2612 semel
943 2557 1072 2612 tantum
1094 2547 1283 2612 ultimarum
1306 2548 1444 2613 duarum

328 2647 530 2734 syllabarum
557 2648 746 2713 trochaeum
773 2649 843 2713 siue
872 2649 1053 2734 spondeum
1081 2650 1245 2735 spondeus
1278 2650 1445 2735 praecedit

329 2749 489 2836 (Marcop.
517 2747 585 2834 Ill)
596 2797 605 2832 ,
635 2749 735 2815 semel
761 2749 842 2814 adeo
870 2760 999 2815 tantum
1027 2751 1127 2815 arsim
1154 2751 1189 2814 in
1215 2751 1297 2816 duas
1325 2752 1442 2817 breues

328 2849 468 2915 solutam
489 2849 627 2934 legimus
652 2850 759 2936 (Virg.
783 2851 851 2916 diu.
874 2851 985 2938 VIII).

411 2953 440 3016 E
470 2951 632 3040 dactyIIco
661 2976 779 3038 genere
812 2949 1040 3018 hexametri
1067 2961 1108 3025 23
1141 2955 1327 3038 fragmenta
1359 2953 1441 3019 obti-

326 3062 405 3118 nent
432 3062 464 3118 et
492 3052 672 3118 disticha
704 3053 889 3139 elegiaca
921 3079 981 3121 sex
1011 3056 1092 3121 locis
1125 3066 1257 3122 seruata
1288 3064 1365 3120 sunt
1400 3054 1443 3138 (si

327 3156 423 3220 Eum.
452 3154 581 3220 XXVI.
610 3156 749 3221 XXVII
779 3179 839 3242 pro
874 3157 1002 3222 duobus
1036 3157 1167 3239 habeo).
1220 3157 1273 3220 De
1305 3179 1443 3243 quorum

243 3256 247 3262 ’
326 3254 435 3322 indole
456 3256 553 3322 modo
576 3257 693 3342 grandi
716 3268 749 3323 et
771 3258 913 3341 sublimi,
936 3259 1033 3325 modo
1056 3259 1146 3324 tenui
1169 3268 1202 3323 et
1216 3258 1328 3324 ieiuna
1343 3281 1443 3346 supra

328 3357 413 3442 dixi5
437 3358 479 3423 de
501 3381 536 3422 re
558 3360 694 3424 metrica
715 3359 762 3423 nil
783 3361 889 3426 habeo
911 3361 999 3447 quod
1022 3382 1279 3425 commemorem.

371 3525 374 3530 ,
411 3460 513 3525 Porro
544 3472 785 3548 anapaestos
810 3463 1002 3527 dimetris
1034 3463 1234 3550 compositos
1262 3486 1382 3529 nouem
1410 3471 1443 3528 et

327 3571 586 3628 tetrametros
609 3563 873 3629 catalecticos
898 3565 968 3628 siue
991 3563 1344 3651 aristophaneos¹)
1362 3586 1442 3650 quos

325 3665 361 3727 in
383 3664 596 3729 concitatiore
619 3665 740 3751 eloquii
762 3665 902 3731 elatione
929 3689 1163 3754 nonnunquam
1189 3667 1444 3752 usurpauitsex
1539 3683 1544 3694 ·

326 3766 512 3849 fragmenta
539 3765 710 3847 exhibent,
745 3767 863 3853 quibus
897 3768 932 3831 in
963 3769 1111 3854 utrisque
1145 3770 1293 3853 grauitas
1325 3769 1443 3834 Varro-

325 3867 424 3932 niana
447 3868 607 3952 spondeos
637 3867 867 3954 dactylosque,
896 3870 952 3956 qui
974 3868 1153 3935 uolubilem
1180 3869 1321 3934 thesium
1344 3871 1443 3954 gemi-

324 3969 492 4034 nationem
514 3967 640 4050 tollunt,
663 3967 765 4034 multo
789 3971 919 4056 saepius
936 3993 1032 4057 quam
1054 3973 1143 4056 ipsos
1167 3980 1363 4054 anapaestos
1386 3993 1442 4056 po·

327 4071 403 4134 suit.
431 4070 671 4134 Monometrum
693 4080 802 4136 autem
824 4095 903 4136 num
925 4072 971 4156 fg.
995 4071 1142 4135 dimetris
1165 4071 1330 4135 constanti
1345 4071 1441 4134 Eum.

326 4171 442 4236 XLVI
468 4171 683 4238 immiscuerit
710 4177 809 4238 ‘nexa
835 4175 866 4238 in
894 4174 1006 4256 unqe,
1037 4174 1210 4238 decernere
1233 4171 1333 4254 nolo,
1368 4194 1443 4237 eum

396 4397 419 4456 1)
433 4395 539 4456 Quibus
553 4395 625 4446 eolus
638 4400 701 4462 post
713 4397 863 4447 Varronem
876 4396 995 4447 Serenus
1007 4397 1101 4461 utitur,
1115 4411 1141 4446 u.
1151 4395 1341 4447 L.Muellerus
1350 4411 1377 4463 p.
1385 4397 1443 4448 107.
