3274 5296
328 431 350 494 4
807 435 935 492 capvt
968 437 977 490 Ι

308 652 310 656 .
392 599 432 662 In
454 598 541 662 Enni
568 598 670 683 igitur
697 607 883 662 saturarum
911 597 1022 681 libris,
1052 621 1132 686 quos
1155 621 1290 664 numero
1311 602 1446 666 minime

329 725 389 766 sex
415 701 517 766 fuisse
547 725 589 766 ex
615 700 749 767 Donato
765 701 812 770 ‚in
840 701 974 764 Terenti
1001 699 1231 767 Phormionem
1258 701 1309 790 (II
1331 711 1366 785 2,
1390 702 1446 788 25)

328 803 494 884 docemur,
517 812 695 868 metrorum
718 803 869 867 extitisse
891 803 1088 868 uarietatem
1108 804 1215 890 primo
1239 804 1356 870 obtutu
1378 805 1444 868 ani·

327 905 574 969 maduertimus
619 905 672 969 Ita
694 929 711 969 e
733 904 817 971 libro
842 904 983 969 secundo
1005 904 1226 990 fragmentum
1247 905 1444 990 hexametris

328 1007 529 1093 descriptum
557 1005 758 1092 alterumque
792 1005 951 1094 quadrato
984 1028 1083 1070 uersu
1110 1007 1234 1072 factum
1261 1007 1345 1072 illud
1372 1009 1445 1073 Ser-

247 1087 258 1112 *
325 1110 399 1173 uius
426 1109 489 1174 hoc
516 1108 643 1174 Nonius
672 1118 860 1190 seruarunt3
893 1107 1009 1171 itidem
1036 1106 1125 1172 tertii
1158 1106 1235 1175 libri
1261 1099 1446 1194 fragmenta

327 1211 465 1276 senariis
489 1209 675 1296 conscripta
698 1209 777 1291 duo,
805 1210 1005 1274 hexametris
1026 1232 1128 1272 unum
1150 1209 1275 1274 Nonius
1297 1213 1444 1297 praebet.

327 1313 435 1399 Scipio
464 1335 595 1399 quoque
618 1312 813 1394 Ennianus,
844 1311 965 1397 quippe
993 1311 1084 1374 cuius
1118 1310 1303 1400 fragmenta
1331 1322 1445 1378 extent

325 1415 493 1481 trochaica
515 1414 591 1494 duo,
613 1413 803 1478 hexameter
825 1435 922 1493 unus,
944 1412 1030 1500 inter
1045 1422 1182 1477 saturas
1206 1423 1291 1478 recte
1315 1437 1335 1478 a
1355 1414 1444 1479 Vah-

324 1516 398 1581 leno
421 1517 455 1580 in
482 1513 630 1602 prolegg.
654 1515 697 1579 ad
719 1515 805 1578 Enn.
828 1536 918 1599 poes.
942 1513 1012 1579 rell.
1036 1536 1068 1599 p.
1090 1513 1277 1580 LXXXIV
1300 1539 1371 1603 sqq.
1394 1538 1443 1580 re-

325 1618 444 1700 fertur,
470 1639 566 1704 quem
582 1639 656 1680 curn
678 1622 797 1681 ‘librum
820 1623 872 1694 que·
894 1620 998 1696 Scipio
1013 1620 1199 1680 inscribitur
1216 1616 1342 1682 Gellius
1358 1617 1408 1682 IV
1424 1629 1443 1688 7

326 1719 432 1801 dicat,
455 1728 562 1784 totum
584 1719 725 1805 aliquem
746 1717 781 1780 in
804 1717 923 1781 saturis
946 1717 1066 1783 librum
1088 1718 1273 1783 obtinuisse
1294 1727 1442 1806 apparet,

325 1823 381 1908 qui
403 1821 561 1908 poematis
585 1821 669 1884 uarii
698 1828 730 1883 et
751 1812 878 1904 generis
907 1829 939 1883 et
961 1819 1071 1898 metri,
1104 1819 1163 1884 sed
1191 1842 1275 1907 quae
1303 1820 1346 1885 ad
1375 1819 1443 1886 Sci-

324 1925 455 2010 pionem
474 1923 670 1987 Africanum
691 1921 892 2008 pertinerent
914 1922 1033 2002 omnia,
1057 1922 1213 1986 constitit.
1243 1922 1312 1986 Nee
1333 1932 1443 1987 tamen

325 2047 398 2088 cum
425 2023 575 2090 Vahleno
611 2023 746 2088 tertium
779 2032 964 2086 saturarum
997 2022 1118 2088 librum
1152 2024 1224 2089 dico
1258 2023 1443 2110 Scipionem

324 2126 437 2210 fuisse,
462 2126 554 2190 cuius
579 2124 760 2190 sententiae
789 2133 821 2188 et
851 2124 982 2189 obstare
1009 2125 1141 2190 uidetur
1165 2147 1280 2190 uersus
1304 2131 1394 2190 ‘Nam
1417 2133 1443 2190 e's

325 2233 383 2294 non
407 2235 480 2292 bene
501 2235 566 2292 uult
587 2229 649 2305 titi,
675 2234 728 2306 qui
745 2231 829 2304 falso
851 2227 1006 2291 criminct'
1029 2227 1125 2291 nimis
1152 2226 1208 2291 ille
1228 2226 1360 2291 humilis
1382 2248 1441 2314 pro

324 2329 445 2415 grandi
467 2339 499 2422 et
522 2328 608 2394 elata
630 2327 791 2416 Scipionis
815 2326 975 2410 dictione,
1004 2340 1036 2395 et
1063 2326 1206 2393 fulcrum
1233 2351 1298 2415 quo
1327 2330 1442 2392 nititur

324 2455 419 2498 omne
442 2423 507 2495 iarn
530 2429 667 2497 abstulit
694 2429 900 2494 Ribbeckius
928 2431 964 2493 in
985 2453 1069 2494 mua.
1092 2429 1203 2517 philol.
1227 2431 1263 2494 X
1284 2439 1363 2512 287,
1386 2431 1442 2517 qui

324 2544 430 2599 totum
451 2534 673 2617 fragmentum
695 2531 730 2594 X
752 2530 850 2596 Vahl.
874 2555 891 2596 o
914 2533 1067 2619 Scipione
1095 2531 1138 2596 ad
1161 2531 1307 2596 Annales
1336 2543 1441 2597 trans·

323 2635 496 2699 ferendum
519 2633 645 2713 docuit,
674 2632 760 2697 unde
783 2656 887 2710 ,unum
914 2643 1014 2720 poeta
1040 2657 1172 2698 uersum
1199 2637 1234 2698 in
1256 2645 1441 2700 saturarum

323 2736 444 2801 librum
465 2735 598 2800 tertium
621 2734 727 2798 denuo
756 2735 929 2822 acceperit.
972 2735 1135 2800 Nimirum
1161 2759 1276 2801 uersus
1299 2760 1381 2824 quos
1403 2747 1442 2802 ut

323 2835 511 2903 notissimos
542 2835 655 2902 Cicero
684 2835 838 2922 protulit,
872 2859 938 2902 non
971 2838 1079 2923 potuit
1108 2861 1235 2903 sumere
1263 2863 1280 2903 e
1309 2839 1439 2919 saturis,

323 2963 406 3027 quae
429 2936 555 3002 iamdiu
578 2961 620 3002 ex
641 2937 809 3019 hominum
835 2939 992 3002 memoria
1020 2948 1222 3004 euanuerant
1249 2963 1353 3027 neque
1375 2940 1440 3004 nisi

324 3064 341 3106 e
363 3039 650 3126 grammaticorum
677 3039 797 3104 studiis
825 3040 920 3106 nobis
943 3050 1040 3106 notae
1068 3050 1156 3107 sunt.
1201 3041 1306 3122 Quem
1332 3050 1440 3106 autem

323 3142 423 3206 alium
446 3151 631 3223 saturarum
654 3138 774 3207 librum
797 3141 905 3228 Scipio
929 3142 1119 3224 obtinuerit,
1141 3141 1177 3206 id
1199 3143 1265 3206 iam
1286 3165 1352 3208 non
1366 3165 1439 3230 pos-

323 3268 434 3310 sumus
459 3243 628 3327 indagate.

385 3347 458 3412 Hoc
479 3345 580 3430 igitur
601 3345 759 3428 uidimus,
783 3346 877 3413 uaria
900 3344 1035 3430 singulis
1057 3345 1152 3412 libris
1174 3346 1313 3412 infuisse
1335 3355 1440 3411 metra

323 3470 460 3534 cumque
483 3449 603 3511 satirae
626 3446 701 3511 illae
723 3470 788 3512 non
809 3446 1019 3531 longissimae
1047 3448 1151 3514 fuisse
1178 3449 1345 3534 putandae
1372 3449 1439 3512 sint

323 3550 429 3636 (uelut
456 3548 513 3612 illa
541 3547 709 3634 quadratis
742 3548 894 3614 uersibus
929 3551 1053 3635 scripta
1085 3551 1178 3614 cuius
1212 3559 1438 3634 argumentum

324 3649 450 3715 Gellius
473 3650 509 3713 II
532 3657 571 3720 29
594 3651 720 3736 narrat)
728 3697 737 3730 ,
761 3649 856 3728 aliter
879 3650 1008 3737 siquid
1031 3651 1128 3716 uideo
1152 3651 1224 3716 fieri
1245 3675 1310 3717 non
1331 3653 1439 3738 potuit

322 3752 385 3815 nisi
406 3759 444 3814 ut
466 3751 586 3814 saturis
610 3749 804 3835 singulis-
819 3752 889 3816 siue
910 3762 948 3816 ut
963 3775 1036 3817 eum
1051 3751 1211 3818 Diomede
1232 3753 1347 3840 loquar
1361 3777 1436 3840 poe·

321 3853 465 3918 matibus
489 3850 638 3936 singulis,
661 3852 780 3938 quibus
805 3864 917 3918 satura
938 3853 972 3939 (i.
989 3877 1015 3918 e.
1034 3853 1117 3919 liber
1139 3857 1338 3944 saturarum)
1363 3863 1437 3920 con-

321 3954 495 4019 stabat-
517 3952 648 4037 singula
674 3964 780 4018 metra
806 3955 1060 4041 responderent,
1088 3956 1124 4020 id
1153 3957 1241 4043 quod
1267 3956 1435 4021 Vahlenus

274 4137 275 4141 Ἰ
321 4076 450 4141 quoque
472 4076 504 4139 p.
521 4053 693 4119 LXXXII
715 4053 844 4141 probat.
888 4057 1024 4120 Praeter
1045 4056 1129 4121 hane
1152 4080 1250 4143 quarn
1273 4058 1344 4123 dixi
1365 4081 1436 4122 uer-

321 4177 416 4219 suum
437 4155 523 4219 inter
543 4155 691 4246 singulas
715 4167 845 4222 saturas
868 4157 1061 4222 uarietatem
1084 4160 1284 4244 argumentis
1307 4182 1436 4246 quoque

319 4279 386 4321 non
407 4257 514 4320 minus
537 4258 773 4345 multiplicibus
802 4260 1071 4342 continebantur,
1101 4260 1281 4346 dequibus
1305 4284 1435 4327 accura-

320 4357 385 4427 tius
409 4359 568 4423 disserere
596 4382 670 4424 cum
697 4360 906 4447 reliquiarum
933 4361 1045 4446 inopia
1067 4372 1173 4456 uetet,
1202 4363 1237 4426 id
1263 4385 1366 4427 unum
1393 4387 1436 4432 ex
