3280 5306
306 476 369 540 252
443 453 444 462 ‘
676 483 708 538 u.
733 482 873 539 ruuruu
896 483 1056 540 vturours

786 645 941 711 XXXVI

392 748 431 813 Id
454 748 541 835 quod
562 757 679 833 postea
701 749 809 812 uirum
831 771 904 813 esse
921 796 930 811 .
947 796 981 812 ..

312 918 315 924 ,
778 850 952 916 XXXVII

392 950 518 1017 Gellius
542 951 612 1016 XX
635 962 686 1035 11,
710 962 729 1021 4
750 951 968 1028 ,‘Sculnam
996 954 1155 1039 scriptum
1185 977 1256 1019 esse
1284 955 1320 1018 in
1341 954 1424 1039 logi·

307 1056 426 1121 storico
450 1053 495 1118 M.
520 1055 690 1136 Varronis,
714 1055 770 1141 qui
792 1054 984 1122 inscribitur
1006 1054 1108 1120 Catus
1134 1103 1188 1120 ...
1211 1055 1422 1122 Lauinius..

306 1156 481 1221 admonet!

669 1447 736 1511 'De
759 1446 921 1512 deorum
943 1447 1053 1512 cultu

392 1653 598 1736 Augustinus
627 1651 668 1715 do
696 1652 758 1714 ciu.
789 1650 843 1715 dei
869 1651 938 1717 VII
966 1662 985 1722 9
1018 1654 1150 1718 <Iouem
1173 1700 1204 1718 ..
1234 1675 1301 1718 non
1324 1653 1423 1717 alium

307 1763 444 1839 possunt
466 1753 654 1819 existimare
677 1775 775 1839 quam
796 1753 952 1817 mundum
978 1804 1036 1819 ...
1058 1754 1098 1818 In
1120 1755 1204 1819 hanc
1226 1756 1423 1820 sententiam

307 1857 406 1919 etiam
433 1854 590 1940 quosdam
618 1876 734 1918 uersus
757 1853 883 1919 Valerii
907 1855 1023 1920 Sorani
1051 1857 1186 1943 exponit
1208 1857 1295 1920 idem
1318 1858 1423 1922 Varro

306 1959 341 2020 in
365 1979 402 2023 co
419 1955 515 2039 libro,
531 1979 628 2042 quem
651 1978 796 2022 seorsum
812 1958 854 2022 ab
878 1958 950 2022 istis
966 1957 1007 2022 de
1023 1960 1113 2024 cultu
1129 1959 1264 2025 deorum
1280 1959 1424 2047 scripsit,

306 2060 362 2146 qui
385 2080 499 2124 uersus
523 2059 556 2122 hi
579 2069 670 2124 sunt:

391 2161 538 2248 Iuppiter
560 2161 763 2247 omnipotens
791 2183 905 2246 regum
927 2185 1101 2250 rerumque
1124 2162 1285 2250 doumque

390 2254 585 2348 Progenitor
607 2264 832 2349 genetrixque,
857 2264 955 2328 deum
983 2264 1074 2345 deus,
1097 2288 1182 2330 unus
1204 2275 1237 2332 et
1259 2287 1380 2331 omnes.

305 2366 526 2453 Exponuntur
547 2373 657 2430 autem
679 2368 714 2430 in
736 2365 851 2432 eodem
872 2364 956 2432 libro
978 2366 1040 2448 ita,
1070 2377 1107 2432 ut
1129 2389 1203 2432 eum
1225 2389 1347 2432 marem
1368 2390 1426 2432 cx-

305 2469 490 2533 istimarent
511 2468 567 2554 qui
590 2490 701 2532 semen
729 2468 908 2550 emitteret,
937 2468 1109 2550 feminam,
1138 2492 1222 2555 quae
1244 2469 1426 2555 acciperet,

306 2571 484 2657 Iouemque
507 2593 577 2635 esse
600 2570 756 2635 mundum
780 2579 811 2634 ot
834 2593 908 2635 eum
930 2571 1040 2634 omnia
1062 2572 1187 2636 semina
1209 2593 1251 2635 ex
1274 2592 1309 2634 se
1331 2571 1427 2636 emit-

306 2682 376 2736 tere
399 2683 432 2738 et
452 2673 488 2736 in
510 2695 544 2736 se
567 2674 727 2759 recipere,
751 2695 816 2759 qua
837 2696 956 2755 causa,
974 2673 1102 2758 inquit,
1126 2672 1257 2758 scripsit
1279 2672 1426 2738 Soranus

307 2773 475 2859 ‘Iuppiter
507 2775 698 2860 progenitor
733 2776 964 2860 genetrixque’
998 2797 1059 2839 nee
1087 2775 1208 2845 minus
1223 2796 1297 2839 cum
1325 2797 1428 2840 eausa

307 2896 407 2938 unum
431 2885 464 2940 et
486 2877 595 2939 omnia
622 2875 709 2941 idem
737 2898 818 2940 csso.
862 2874 1005 2940 Mundus
1034 2875 1120 2940 enim
1149 2899 1231 2940 unus
1261 2887 1293 2942 et
1321 2877 1357 2940 in
1386 2899 1425 2943 eo

307 2998 372 3042 uno
396 2977 506 3041 omnia
528 2985 627 3042 sunt!

393 3181 474 3247 Tres
497 3204 574 3246 arae
589 3165 673 3247 sunt
694 3183 729 3245 in
744 3182 831 3246 circo
851 3181 959 3246 medio
982 3181 1025 3245 ad
1045 3180 1213 3247 columnas
1219 3163 1239 3264 ,⁸
1252 3183 1286 3245 in
1302 3183 1423 3268 quibus

307 3293 396 3349 stant
418 3285 526 3369 signa:
551 3285 586 3347 in
608 3307 673 3348 una
687 3283 881 3368 inscriptum
904 3282 972 3348 ‘dis
987 3284 1145 3368 magnis',
1174 3283 1208 3346 in
1230 3281 1333 3348 altera
1353 3283 1424 3348 ‘dis

306 3386 526 3472 potentibus’,
555 3387 590 3450 in
612 3386 710 3451 tertia
732 3385 802 3450 ‘dis
826 3385 949 3450 Terrae
971 3396 1003 3451 ot
1024 3383 1147 3450 Caelo?
1192 3385 1232 3448 In
1253 3385 1333 3450 hacc
1356 3384 1424 3451 duo

307 3488 436 3552 diuisus
458 3488 610 3552 mundus.

392 3693 566 3756 Terentius
589 3691 723 3778 quidam
745 3713 819 3756 cum
845 3691 981 3756 haberet
1008 3692 1049 3756 ad
1072 3690 1256 3757 Ianiculum
1282 3689 1427 3755 fundum

307 3803 339 3859 et
360 3792 521 3860 bubulcus
545 3793 615 3858 eius
637 3794 730 3856 iuxta
753 3791 937 3880 sepulcrum
952 3793 1078 3858 Numae
1093 3792 1248 3880 Pompilii
1270 3793 1426 3858 traiciens

307 3906 452 3961 aratrum
474 3895 614 3962 eruisset
637 3917 678 3959 ox
701 3903 790 3958 terra
811 3895 913 3960 libros
937 3895 1024 3976 eius,
1052 3895 1111 3961 ubi
1141 3915 1309 3959 sacrorum
1331 3895 1427 3959 insti-

374 4085 489 4137 XXXVI
506 4085 612 4136 Nonius
630 4085 679 4135 367
698 4100 719 4134 s.
739 4099 764 4136 u.
782 4084 907 4149 Propter.
927 4101 963 4136 an
981 4087 1111 4135 uerum?

375 4153 486 4203 CVRIO
524 4153 566 4202 ef.
585 4152 711 4218 prolegg.
729 4170 756 4218 p.
774 4156 807 4204 37
826 4155 917 4204 nott
968 4153 996 4203 11
1014 4153 1119 4204 Probus
1137 4156 1165 4203 in
1183 4153 1265 4218 Varg.
1284 4151 1335 4203 ecl.
1354 4153 1379 4214 6,
1393 4156 1425 4203 31

306 4239 333 4286 p.
352 4223 396 4282 21,
416 4223 431 4272 8
450 4223 485 4271 K.
520 4221 621 4271 ‘Varro
644 4221 673 4269 in
695 4221 872 4287 logistorico,
897 4223 944 4286 qui
967 4221 1129 4272 inscribitur
1152 4220 1233 4271 Curio
1256 4220 1290 4270 de
1313 4221 1428 4270 deorum

308 4287 399 4352 cultu,
424 4293 607 4355 cognomenta
629 4304 790 4355 magnorum
813 4290 942 4344 deorum.
958 4329 964 4344 .
979 4294 996 4339 .’
1060 4290 1103 4339 III
1121 4289 1290 4355 Augustinus
1313 4287 1346 4337 de
1371 4289 1426 4338 ciu.

308 4356 353 4406 dei
371 4357 424 4405 VII
442 4359 475 4407 34
504 4357 599 4422 ‘Apud
623 4358 738 4408 eundem
760 4358 912 4410 Varronem
936 4357 1039 4424 legitur
1060 4358 1088 4406 in
1112 4357 1182 4408 libro
1206 4356 1240 4406 do
1264 4354 1339 4405 cultu
1362 4356 1428 4406 deo—

307 4439 379 4475 rum:
400 4429 459 4474 ...²
496 4423 538 4473 of.
559 4425 667 4475 Manius
685 4431 787 4479 satura.
