3274 5296
582 1581 988 1684 PRAEFATIO.

297 1939 351 2018 M.
364 1951 520 2016 Varronis
537 1960 721 2016 saturarum
735 1952 980 2041 Menippearum
997 1954 1194 2019 edendarum
1211 1977 1327 2020 munus

205 2091 285 2134 cum
301 2061 406 2134 minus
422 2091 520 2157 quam
535 2057 731 2156 reliquorum
752 2071 896 2136 eiusdem
918 2072 1076 2137 librorum
1092 2075 1243 2138 tractatio
1266 2073 1326 2138 hoc

205 2189 370 2274 requirat,
399 2197 436 2253 ut
463 2209 563 2275 opera
585 2189 789 2276 antiquitatis
811 2212 896 2276 quae
926 2199 1100 2276 supersunt
1128 2189 1197 2254 fere
1219 2191 1327 2254 omnia

206 2305 419 2392 perlegantur
441 2315 474 2371 et
501 2316 733 2393 excerpantur,
748 2305 866 2392 'magis
895 2329 993 2393 quam
1019 2306 1066 2372 illi
1094 2317 1127 2373 et
1153 2307 1327 2372 uerborum

207 2425 467 2492 emendationem
489 2434 522 2489 et
543 2425 663 2490 iustam
685 2427 789 2512 ipsius
812 2425 967 2491 librorum
990 2424 1108 2490 indolis
1131 2426 1326 2490 aestimatio·

206 2565 283 2608 nem
299 2543 474 2628 praecipue
490 2544 553 2610 sibi
568 2544 722 2630 postulat.
746 2543 894 2636 Quorum
909 2543 1112 2628 negotiorum
1128 2542 1230 2608 altero
1246 2545 1327 2609 meis

206 2662 432 2728 tantummodo
456 2662 580 2727 uiribus
603 2664 694 2728 nisus
715 2665 749 2729 in
777 2663 1015 2750 prolegomenis
1038 2685 1096 2748 pro
1119 2662 1207 2726 uirili
1234 2673 1326 2748 parte

208 2781 302 2868 fungi
324 2803 396 2848 sum
418 2790 569 2865 conatus3
592 2782 627 2847 in
642 2781 743 2850 altero
760 2792 869 2849 autem
891 2781 1098 2867 suscipiendo
1122 2790 1154 2845 et
1175 2790 1213 2847 ut
1234 2780 1328 2872 decet

208 2923 228 2964 a
243 2909 332 2965 certa
353 2900 502 2966 codicum
517 2903 679 2994 scriptura
700 2901 883 2987 incipiendo
906 2923 1027 2986 magna
1047 2899 1196 2965 uirorum
1219 2899 1327 2966 docto-

206 3041 279 3084 rum
312 3018 491 3086 liberalitas
522 3041 719 3106 magnopere
746 3042 797 3086 me
825 3019 968 3100 adiuuit,
1003 3019 1121 3106 quibus
1152 3019 1231 3083 uiris
1268 3040 1327 3105 pro

205 3138 328 3224 insigni
356 3159 436 3223 erga
461 3160 513 3206 me
545 3138 716 3224 studiaque
744 3161 818 3204 mea
852 3138 1052 3224 benignitate
1080 3137 1210 3225 publice
1242 3159 1328 3202 nunc

205 3257 331 3342 gratias
362 3278 460 3344 quern
488 3259 654 3322 maximas
685 3258 791 3323 animo
825 3256 1002 3323 laetissimo
1037 3257 1206 3322 testificari
1240 3255 1326 3328 licet,

206 3376 339 3441 Etemm
354 3375 394 3442 de
410 3373 570 3442 Gallionis
586 3375 666 3442 locis
682 3375 843 3440 Martinus
856 3376 1026 3474 Hormine,
1050 3377 1142 3441 cuius
1157 3374 1327 3440 inlustrem

205 3473 444 3560 humanitatem
472 3515 532 3580 ego
560 3516 689 3580 quoque
717 3516 783 3559 non
809 3515 874 3557 uno
902 3495 1030 3559 nomine
1058 3501 1213 3579 expertus
1242 3515 1323 3576 sum,

206 3613 248 3678 de
271 3613 385 3679 Seruio
408 3623 441 3678 et
463 3612 657 3699 Philargyro
679 3611 841 3697 Georgius
858 3610 952 3678 Thilo
975 3634 1026 3678 me
1049 3613 1219 3678 certiorem
1241 3612 1324 3678 feee-

204 3740 292 3798 runt.
337 3731 436 3797 Nonii
458 3740 567 3805 autem
588 3730 735 3797 Marcelli
757 3732 902 3798 codicem
924 3731 1219 3820 Guelferbytanum
1243 3733 1324 3818 (Gu-

204 3851 340 3916 dianum
373 3857 413 3920 96
454 3872 538 3916 saec.
572 3849 639 3934 XI)
675 3849 712 3914 F.
743 3849 784 3916 G.
820 3849 1035 3936 Kiesslingio‚
1077 3873 1141 3938 quo
1177 3851 1326 3935 praeside

204 3969 438 4050 humanissimo
479 3971 513 4034 in
553 3969 724 4055 gymnasio
764 3969 962 4035 Ioachimlco
1000 3969 1202 4034 Berolinensi
1251 3967 1327 4032 olim

203 4087 377 4162 docebam,
411 4089 603 4154 Leidensem
634 4087 845 4173 (Vossianum
874 4096 913 4157 73
947 4108 1032 4152 saec.
1067 4086 1133 4170 XI)
1164 4084 1326 4152 Theodori

202 4206 400 4274 Mommseni
434 4207 602 4274 uoluntate
633 4205 909 4282 intercedentibus
938 4207 1065 4292 ipsein
1092 4227 1207 4271 munus
1236 4227 1325 4272 meas
