3280 5306
630 463 637 476 ’
662 515 823 572 555555
1242 509 1304 572 esu

187 685 237 745 44.
271 686 343 744 Non
364 694 426 746 tam
450 682 608 744 laudabile
636 691 682 744 est
707 683 882 743 meminisse
909 701 999 764 quem
1024 683 1199 744 inuenisse:
1228 682 1305 743 illud

271 770 351 830 enirn
367 770 512 844 alienum,
525 769 582 830 hoo
597 767 716 849 proprii
730 768 864 829 muneris
881 775 936 828 est.
959 767 1110 830 Neutrum
1124 768 1193 828 sine
1208 767 1304 828 altero

269 855 418 914 scientem
433 853 516 914 facit.

186 939 235 998 45.
269 939 343 1000 Non
358 941 390 1000 in
407 938 580 1019 disciplinis
596 921 696 1012 fi'dem,
714 936 771 998 sed
787 938 947 998 scientiam
963 936 1053 997 habe.

185 1025 261 1084 455.
277 1023 373 1084 Fides
388 1021 547 1085 55155615
560 1023 715 1104 opinionis
729 1031 759 1084 et
771 1021 928 1096 scientiae,
944 1030 1082 1083 neutram
1095 1022 1261 1100 attingens.

187 1109 237 1168 46.
272 1109 542 1169 1115555115515555
559 1115 606 1168 551
622 1106 774 1168 56555561
790 1127 889 1187 genus
906 1107 1116 1187 exemplorum
1131 1105 1275 1167 subditio.

185 1193 251 1253 47.·
272 1192 458 1254 corrixandi
473 1193 631 1254 materiem
646 1192 772 1273 saepius
788 1191 864 1252 dent
880 1190 1086 1252 definitiones.

185 1277 219 1340 45
269 1277 323 1340 Nil
337 1277 382 1338 illi
398 1286 521 1352 certum,
539 1278 589 1338 cui
605 1277 692 1337 nulle
708 1275 760 1337 diu
776 1277 879 1356 placet
894 1277 1059 1338 sententie.

184 1359 216 1422 4<
254 1361 363 1449 11556
389 1383 494 1424 uerum
515 1370 576 1438 eet,
604 1381 660 1442 per
682 1380 715 1422 se
739 1362 836 1438 lucet;
866 1359 922 1422 556
945 1381 1008 1422 555
1030 1361 1091 1422 5151
1106 1360 1305 1442 pertinaciter

231 1449 256 1488 *¹
311 1448 454 1528 quirenti
470 1455 610 1527 5555551.

184 1533 234 1592 50.
265 1519 412 1595 hmilitas
429 1533 666 1611 intellegentiae
682 1531 748 1592 ueri
763 1531 844 1611 perit
859 1530 1099 1608 neglegentiam.

185 1617 234 1676 51.
269 1616 361 1696 Quod
382 1617 538 1677 intriceuit
559 1615 807 1697 alieniloquium,
834 1615 984 1694 imperitis
1007 1623 1055 1676 est
1075 1616 1302 1694 grauissimum:

268 1701 300 1762 id
317 1702 466 1777 recolunt,
482 1701 514 1762 id
531 1709 644 1770 ament,
660 1701 692 1762 id
707 1699 812 1782 magni
828 1699 959 1776 fuciunt3
981 1699 1119 1761 nituntur
1133 1707 1167 1762 ut
1181 1700 1303 1762 intelle·

270 1794 353 1866 gent,
371 1785 509 1866 gaudent
524 1805 617 1868 quum
633 1787 741 1859 scient,
759 1785 930 1864 glorientur
946 1805 1038 1866 quum
1054 1783 1196 1846 doceant.

183 1871 234 1930 52.
269 1871 396 1932 Amator
411 1872 477 1933 ueri
493 1892 556 1933 non
576 1880 639 1931 tem
660 1878 795 1952 spectet,
813 1870 944 1950 qualiter
960 1869 1086 1943 dicatur,
1105 1889 1197 1950 quem
1212 1868 1302 1952 quid:

267 1954 513 2036 intellegentiam
538 1957 604 2016 ueri
631 1955 769 2036 sequitur
794 1954 940 2016 iudicium
967 1953 1137 2017 doctorum:
1167 1955 1304 2016 ultimum

270 2047 316 2100 cet
332 2040 456 2101 dicendi
472 2041 613 2121 qualitas.

185 2123 235 2184 53.
269 2125 360 2184 Illum
383 2125 463 2204 elige
485 2123 680 2198 eruditorem,
707 2121 798 2205 qu'em
820 2123 916 2203 magis
937 2125 1056 2185 mireris
1077 2125 1110 2185 in
1132 2125 1196 2185 suis
1213 2143 1304 2204 quem

268 2210 302 2268 in
318 2209 439 2270 5115515.

184 2294 235 2355 54.
269 2291 332 2354 Aut
349 2292 501 2373 diligendi
517 2301 589 2354 suut
606 2293 755 2367 doctores,
774 2299 826 2352 aut
842 2313 905 2354 non
921 2292 1080 2353 audiendi.

184 2379 234 2440 55.
268 2379 463 2439 Inimicorum
480 2378 562 2439 dicte
578 2379 783 2458 neglegantur
799 2398 862 2438 non
878 2378 978 2438 minue
993 2378 1080 2458 ipsis.

185 2463 234 2523 56.
269 2461 382 2524 Omnia
397 2483 490 2524 nosse
506 2462 711 2544 impossibile:
735 2483 833 2543 pauca
849 2482 913 2523 555
928 2461 1094 2523 155655115.

184 2549 234 2608 57.
269 2548 349 2610 Sunt
371 2548 537 2630 quaedem,
567 2568 646 2630 quce
674 2547 831 2610 55565565
858 2547 991 2610 suntab
1016 2548 1118 2608 auimo
1145 2547 1302 2624 discentis,

268 2634 341 2715 quie
355 2631 516 2696 inserendi
530 2635 596 2696 ueri
611 2634 710 2694 locum
726 2640 886 2714 occupent.

184 2719 234 2778 58.
267 2718 484 2799 Incorruptum
498 2718 729 2781 adolescentem
743 2717 856 2779 docere
872 2737 950 2780 uuus
962 2718 1049 2780 labor
1061 2727 1115 2794 est,
1128 2726 1304 2800 corruptum

266 2803 319 2864 551
336 2803 451 2884 duplex
465 2804 518 2864 uel
536 2805 581 2865 nil
595 2804 770 2884 proficiens.

182 2889 259 2948 585.
277 2887 409 2969 Sepiunt
424 2909 500 2950 5555
516 2888 668 2972 quidquid
685 2889 813 2971 primum
830 2896 1025 2970 acceperunt.

182 2974 232 3033 59.
268 2971 429 3035 Oontrerie
452 2975 572 3055 5515551
595 2974 732 3054 pluribus
755 2975 862 3034 55515
879 2972 1018 3036 omuibus
1041 2975 1228 3038 conueniens
1244 2995 1303 3036 nec

266 3059 299 3118 in
315 3059 469 3140 aliquibus
484 3060 713 3140 incontingens.

183 3143 230 3200 60.
265 3143 393 3204 Multum
409 3145 548 3220 interest,
560 3153 660 3206 utrum
678 3164 741 3206 rem
757 3145 856 3225 ipecm
872 3164 912 3205 an
924 3143 1018 3207 libros
1033 3145 1189 3226 inspicies.
1213 3146 1302 3208 111555

268 3235 323 3300 551,
340 3228 450 3290 clamat
465 3230 672 3309 philosophie,
690 3249 781 3310 quem
796 3250 845 3290 555
861 3231 948 3310 15555
964 3229 1144 3294 docuerunt.

183 3311 233 3368 61.
268 3309 354 3370 Libri
385 3314 510 3374 nonnisi
540 3313 736 3375 scientiarum
767 3314 954 3394 5555555515
986 3323 1184 3376 monumenta
1213 3323 1301 3376 sunt:

267 3395 419 3475 principie
440 3397 696 3478 inquirendorum
718 3399 895 3472 continent,
923 3407 957 3459 ut
983 3398 1021 3458 ab
1045 3398 1092 3460 his
1119 3399 1302 3478 negotiandi

266 3480 420 3560 principia
434 3491 532 3542 sumat
547 3483 680 3558 enimus,
703 3482 748 3544 nil
769 3482 853 3542 51156
875 3502 971 3562 agens
993 3483 1053 3545 nisi
1075 3483 1154 3546 iorte
1175 3493 1302 3568 propter

266 3562 300 3624 id
315 3565 416 3646 ipsum
431 3567 615 3642 intermittit,
631 3586 672 3628 55
689 3568 816 3628 omittat.

182 3649 229 3709 62.
264 3649 311 3712 Eo
327 3658 446 3711 tentum
461 3651 563 3713 studia
578 3651 828 3726 intermittantur,
845 3672 885 3714 ne
902 3653 1087 3716 omittentur.

182 3736 232 3796 63.
266 3734 527 3797 Iniucundesunt
542 3739 632 3812 55515,
651 3757 731 3818 quae
748 3759 811 3800 nou
827 3739 890 3799 otiu
907 3738 1092 3802 exhilarent.

179 3869 213 3919 44
231 3867 319 3920 11156
336 3869 498 3923 Victorinus
517 3871 567 3924 640
585 3867 635 3937 (V)
652 3871 713 3923 hoc
732 3871 755 3922 Δ
774 3876 839 3926 cett.
859 3898 892 3910 -
914 3872 976 3925 hoc
994 3872 1018 3925 V
1035 3872 1122 3926 illud
1141 3874 1165 3925 Δ
1183 3877 1249 3926 5511.
1268 3899 1302 3914 ··-

181 3937 214 3988 45
227 3939 299 3990 5145
312 3954 329 3988 5
348 3938 505 3990 5515555.-
523 3940 556 3992 40
569 3939 621 3992 615
650 3940 844 4007 515556155
875 3941 1035 3994 erendum
1049 3941 1086 4006 A3
1105 3947 1182 3994 55515
1194 3943 1301 3996 inP.-

180 4004 213 4055 50
226 4003 495 4084 'intelligentiae
520 4012 548 4058 et
570 3955 823 4074 negligentiam
842 3957 874 4065 d
892 4035 925 4046 —
960 4011 991 4062 61
1009 4009 1206 4076 imperitius
1222 4011 1301 4063 Δ.-

180 4071 503 4140 52551511155511555
518 4074 542 4126 Δ
560 4076 635 4128 5551
652 4076 753 4143 scripsi
772 4076 897 4131 ueros.
912 4103 944 4114 —
980 4078 1012 4130 55
1030 4077 1255 4145 negliguntur
1278 4079 1302 4132 A

180 4140 405 4206 negligentur
422 4143 453 4194 P.
466 4169 500 4179 -
523 4144 556 4195 56
573 4141 662 4196 Verre
680 4143 713 4195 de
732 4160 761 4196 re
780 4149 848 4198 rust.
860 4145 889 4196 11
902 4147 954 4208 1,6
978 4146 1079 4199 ‘Nemo
1098 4147 1190 4199 omnia
1208 4153 1301 4214 potest

180 4207 319 4263 551553-
355 4210 387 4261 51
407 4209 579 4262 55565565
599 4217 677 4264 5551
694 4213 716 4262 P
735 4211 910 4264 55565565
929 4220 1047 4266 555551
1064 4215 1098 4267 Α.
1117 4240 1149 4250 -
1168 4215 1299 4270 615555-

179 4275 223 4325 115
246 4276 345 4344 scripsi
374 4279 521 4330 scientis
544 4278 609 4332 libri
637 4305 670 4318 -
698 4282 778 4346 quie
797 4281 958 4334 Vincentius
981 4282 1192 4337 Bellouacensis
1215 4301 1300 4352 quae

180 4341 201 4392 Ρ
220 4359 271 4394 55.
289 4344 320 4396 Δ.
334 4371 368 4382 -
402 4346 435 4397 58
452 4345 575 4402 doecre
593 4350 615 4400 P
639 4348 854 4405 6555515-
877 4351 933 4402 tea
950 4352 1107 4420 segregeui,
1125 4375 1158 4390 ·-
1198 4355 1300 4405 6015-

178 4411 389 4476 5515155ΡΡ.
418 4413 627 4480 1555151554
658 4417 796 4482 quemP
827 4432 923 4487 quem
940 4419 1024 4475 A.-
1060 4421 1300 4488 61555555515

179 4477 212 4532 A.
235 4504 268 4516 -
304 4481 336 4532 63
359 4481 470 4536 otieP
500 4485 606 4540 otium
627 4483 659 4542 Δ.
679 4512 711 4524 -
