3294 5306
573 435 681 504 ΤΑΦΗ
706 435 924 505 ΜΕΝΙΠΠΟΥ
1248 437 1308 503 222
1334 497 1337 504 .

621 605 710 672 xxx
733 605 798 692 (19.
823 606 877 694 rs)

280 706 346 774 Sed
374 700 456 795 qliae
485 708 664 775 necessitas
693 718 724 774 te
752 709 844 774 iubet
872 729 990 794 aquam
1025 706 1191 773 effundere
1223 707 1311 773 domi

190 811 290 876 tuas?
322 811 349 875 si
364 831 446 876 uasa
460 811 561 876 habes
577 822 722 897 pertusa,
739 810 908 898 plumbum
923 831 987 875 non
1003 809 1127 876 habes?
1149 807 1193 874 ad
1214 832 1311 898 quam

190 932 258 976 rem
280 911 377 977 nobis
401 921 451 978 est
473 910 695 978 confluuium‘?
718 911 761 976 ad
783 934 881 1001 quam
904 933 973 976 rem
995 911 1187 978 umarium?

611 1029 718 1096 XXII
742 1030 808 1117 (20.
832 1030 887 1115 22)
915 1111 921 1123 Ι

275 1129 349 1198 Non
372 1131 465 1195 uides
488 1129 524 1195 in
547 1134 567 1214 †
589 1130 722 1217 publiea
744 1129 839 1198 noete
861 1141 893 1198 ta
922 1131 1092 1215 tabernas,
1122 1152 1186 1218 qua
1208 1152 1309 1218 popu-

189 1230 240 1296 lus
264 1230 466 1299 ambulando
489 1232 626 1318 proinde
646 1241 684 1298 ut
704 1231 739 1296 in
762 1242 858 1299 arato
878 1253 995 1319 porcas
1018 1231 1148 1299 reddit?
1325 1243 1345 1302 5

606 1349 730 1417 XXIII
753 1353 819 1436 (21.
842 1352 897 1437 21)

276 1452 351 1519 Non
373 1452 467 1518 uides
489 1452 523 1516 in
545 1453 671 1538 magnis
694 1452 876 1540 peristylis,
899 1453 954 1541 qui
977 1462 1110 1541 oryptas
1134 1450 1310 1554 dominon

187 1552 326 1637 habent,
357 1554 509 1619 sabulum
531 1553 640 1620 iaoere
662 1575 682 1619 a
703 1555 828 1642 pariete
857 1565 932 1622 ante
954 1563 1089 1641 xystus,
1117 1553 1175 1621 ubi
1197 1553 1309 1619 ambu-

188 1652 255 1720 lare
276 1653 426 1742 possint?
983 1724 986 1732 ,

616 1738 737 1805 XXIV
761 1743 805 1824 (8.
827 1740 882 1827 24)

274 1841 365 1906 Haeo
393 1839 502 1906 Numa
524 1841 704 1928 Pompilius
733 1840 805 1906 fieri
834 1841 862 1904 si
884 1840 1020 1924 uiderit,
1049 1840 1147 1923 soiet,
1175 1861 1309 1907 suorum

188 1943 410 2022 institutorum
432 1963 493 2007 neo
514 1941 624 2009 uolam
646 1963 707 2007 neo
728 1941 907 2027 uestigium
928 1962 1099 2028 apparere.
1320 1953 1360 2014 10

189 2114 311 2176 W).·.’
364 2112 430 2163 XIX
447 2111 550 2165 Nonius
571 2115 663 2179 140,a
690 2114 889 2166 ‘Maeander
907 2118 950 2166 est
968 2114 1094 2180 picturae
1133 2127 1200 2163 enus
1219 2113 1253 2164 ab
1272 2114 1308 2164 si·

188 2181 247 2231 mili
269 2195 353 2247 opere
376 2180 595 2246 labyrinthorum
614 2185 715 2245 ortum,
743 2181 890 2234 cluniculis
913 2181 1070 2246 inligatum.
1111 2129 1198 2230 iura>
1222 2179 1310 2247 Ταφῇ

188 2247 346 2301 Μενίππου
365 2246 454 2310 (item
472 2248 592 2316 inippu
609 2250 636 2300 H
649 2266 684 2303 m.
702 2265 742 2316 pr.
766 2250 858 2302 Loons
877 2248 956 2301 deest
967 2249 1057 2300 Paris.
1070 2248 1146 2298 7666.
1166 2247 1243 2312 7666)
1254 2285 1261 2302 .
1272 2285 1278 2300 .
1290 2253 1308 2298 ·’
1370 2309 1378 2322 ¹

188 2317 239 2366 XX
257 2316 362 2368 Nonius
380 2316 422 2380 48,
441 2319 474 2368 26
504 2317 666 2382 ‘Elixum,
686 2316 817 2383 quidquid
836 2335 869 2370 ex
888 2331 962 2381 aqua
978 2315 1099 2366 mollitur
1116 2315 1161 2366 uel
1179 2314 1308 2380 decoqui·
1381 2341 1385 2350 ι
1413 2367 1415 2376 ,

188 2388 247 2446 tnr3
266 2399 330 2434 nam
349 2384 433 2434 lixam
455 2397 554 2449 aquam
572 2390 682 2436 ueteres
702 2400 762 2436 esse
781 2385 914 2438 dixerunt
933 2410 968 2420 ·-
985 2410 1018 2420 -
1036 2383 1123 2434 Varro
1144 2381 1232 2448 Ταφῇ
1249 2383 1308 2436 Με-

189 2449 298 2502 νίππου
318 2451 510 2518 (Menippoy
523 2453 575 2503 HL
593 2454 766 2519 Minippoy
784 2455 844 2521 W):
868 2456 900 2506 In
914 2487 941 2505 ·.
961 2452 1068 2503 elixos)
1087 2451 1192 2501 Nonius
1209 2451 1274 2512 488,
1293 2452 1309 2501 6

188 2521 309 2570 ‘Humu
333 2534 382 2592 pro
405 2518 496 2572 humo.
536 2521 624 2572 Varro
647 2547 680 2558 -
702 2523 790 2576 Varro
821 2518 908 2596 Ταφῇ
936 2517 1011 2585 (Ale
1040 2518 1129 2568 Paris.
1149 2517 1230 2583 7666)
1249 2519 1309 2570 Μο-

188 2603 296 2655 νίππου
314 2590 499 2670 (¹¹¹¹llippuL
523 2604 637 2672 Mippu
654 2603 768 2667 Pasini:
792 2597 985 2656 In..eli10s.‘
1046 2601 1110 2652 XXI
1128 2604 1232 2654 Nonius
1250 2605 1309 2662 644,

190 2673 220 2722 16
239 2673 440 2725 ‘Vrnarium
460 2673 548 2723 Varro
563 2671 651 2738 Τυφῇ
662 2670 819 2724 Μενίππου
833 2672 1006 2738 (Minuppu
1017 2671 1116 2733 W)...’
1162 2671 1242 2721 XXII
1254 2671 1308 2722 No·

188 2740 250 2790 nius
269 2741 328 2802 162,
348 2741 379 2790 19
398 2740 548 2790 ‘Poroas
585 2742 674 2793 Varro
695 2737 783 2805 Ταφῇ
799 2739 959 2792 Μενίππου
978 2739 1139 2804 (Minippo
1157 2738 1235 2802 HL)=
1254 2753 1308 2788 non

190 2805 371 2861 ...reddit'
407 2805 725 2872 (Varro...reddit
743 2809 842 2858 desunt
860 2806 916 2873 W).
970 2807 1064 2856 XXIII
1082 2805 1184 2856 Nonius
1204 2807 1308 2869 169,10
1348 2825 1350 2832 ·

189 2874 374 2928 ‘sistulum
416 2876 503 2926 Varro
533 2874 621 2942 Τοιςοῇ
643 2875 801 2928 Μενίππου
829 2873 1144 2940 (Menipqu)..,’
1192 2875 1307 2938 Xystnm

187 2942 321 3008 intellego
341 2942 538 3009 ‘hypaethram
555 2943 785 2995 ambulationem’
805 2942 959 3006 (Vltruuius
972 2944 1011 2994 VI
1028 2941 1062 3005 7),
1081 2942 1189 2991 hortum
1208 2943 1266 2991 siue
1279 2941 1308 2990 in

187 3011 270 3082 plano
289 3012 370 3061 situm
389 3011 449 3062 siue
468 3011 576 3076 qualem
596 3027 645 3062 nos
664 3012 826 3062 ‘Terrasse‘
846 3010 972 3076 dicimus,
992 3011 1038 3074 qui
1058 3009 1169 3060 adiacet
1188 3009 1308 3076 porticui

154 3166 157 3176 ,
188 3078 939 3212 intellistttttlttllltttittllt„if·
953 3077 1262 3197 biid'illllsillld
1276 3078 1307 3194 il

188 3213 244 3262 ‘Vo
253 3213 285 3262 le
298 3219 340 3262 sst
353 3215 443 3264 media
455 3229 560 3265 manus.
579 3215 665 3266 Varro
677 3243 711 3251 -
723 3214 799 3265 Idem
811 3217 899 3267 Varro
914 3211 1002 3280 Ταφῇ
1013 3211 1172 3265 Μενίππου
1186 3183 1307 3275 (tar'ife

189 3280 211 3328 L
225 3293 259 3332 m.
273 3295 313 3344 pr.
332 3281 444 3346 mippn
462 3283 508 3345 W)
522 3317 528 3332 .
543 3319 549 3332 .
564 3286 582 3332 .’
618 3283 798 3333 Prouerqum
817 3283 901 3332 etiem
918 3280 1050 3346 Epitaph.
1069 3281 1109 3348 fg.
1127 3280 1155 3331 II
1172 3279 1285 3345 legitur.

191 3437 203 3487 l
228 3434 303 3491 iubet
318 3433 447 3508 Seaiiper
475 3437 552 3492 iuuet
575 3427 726 3516 aHnWl}
782 3442 798 3490 2
821 3436 904 3493 habos
926 3435 1056 3509 Seaiiper
1077 3435 1159 3492 habet
1172 3435 1240 3491 iibri
1261 3436 1307 3490 lra-

188 3519 253 3575 bant
268 3519 331 3575 edd.
354 3524 421 3576 uett.
437 3509 451 3599 [1
466 3520 612 3593 polubrum
634 3522 747 3593 Lipsius
768 3537 833 3576 aar.
856 3522 918 3576 ieci.
936 3521 977 3576 14
1004 3519 1144 3594 plumbum
1164 3520 1232 3575 iibri
1245 3510 1259 3598 ll
1274 3519 1307 3574 axl

188 3620 285 3679 aquam
301 3619 358 3660 rem
375 3600 401 3658 B
412 3619 470 3676 pro
484 3607 583 3676 priore
610 3606 643 3662 ad
659 3621 739 3680 qnam
760 3621 816 3662 rem
831 3595 846 3686 ll
862 3605 980 3663 Oriona.
996 3605 1095 3660 iambi.
1119 3603 1264 3661 Votienus
1276 3620 1305 3675 p.
1366 3611 1369 3624 '

189 3691 238 3744 162
254 3705 311 3746 νου
326 3690 396 3746 bene
410 3690 531 3746 instituit
545 3681 559 3769 ll
602 3694 619 3744 4
640 3689 748 3764 publiea
764 3698 845 3746 noete
861 3697 888 3748 te
904 3688 1030 3747 tabernas
1045 3688 1098 3745 HL
1115 3686 1165 3766 (sy.
1182 3705 1235 3745 om.
1257 3687 1306 3760 W)

188 3773 295 3850 publiea
310 3783 405 3832 nostra
426 3773 537 3832 [alterna
559 3774 689 3848 Scaiiyer
715 3774 824 3852 publiea
846 3775 956 3850 porticu
972 3774 1097 3831 tabernas
1114 3773 1308 3830 Schneiderus

189 3861 228 3916 ad
255 3859 414 3916 Vitruvium
451 3859 560 3934 publico
580 3870 661 3917 noete
682 3859 807 3918 tabernas
829 3860 1000 3917 Gerlacln'us
1035 3859 1145 3934 publico
1167 3865 1229 3915 ante
1251 3858 1304 3914 tab.

195 3944 340 4001 Votienus
353 3947 401 3999 164
416 3935 429 4024 Ι)
465 3949 481 3999 5
497 3945 609 4020 perinde
624 3946 687 4002 edd.
711 3945 824 4020 proinde
839 3944 894 4000 HL
909 3936 922 4024 1)
965 3947 982 3999 6
1003 3945 1142 4020 peristylls
1157 3944 1221 4000 edd.
1245 3959 1306 4017 per-

188 4029 257 4086 stilis
268 4029 323 4086 HL
332 4030 371 4086 W·
381 4029 529 4104 peristyliis
545 4029 674 4104 Scoiiper
689 4021 703 4110 1)
718 4031 819 4106 criptas
831 4028 932 4085 HLW
944 4021 957 4109 Ι)
985 4033 1001 4083 7
1020 4037 1081 4085 ante
1097 4037 1191 4103 xystus
1202 4029 1309 4099 scripsi

188 4123 234 4172 aut
249 4117 345 4188 egistis
360 4113 460 4174 HLW
483 4123 530 4172 aut
545 4116 649 4190 cryptis
669 4121 735 4171 ante
753 4113 843 4170 Mera.
869 4122 916 4170 ant
931 4130 950 4169 e
966 4115 1052 4188 xystis
1068 4112 1198 4184 Scaiiper
1227 4120 1258 4168 nt
1277 4113 1306 4168 in

86 4230 90 4239 =
188 4201 291 4273 cryptis
303 4200 494 4256 Forceiiiaius
516 4207 546 4256 ut
561 4201 589 4255 in
605 4202 691 4275 xystis
709 4198 853 4256 Votienus
866 4200 915 4252 163
930 4205 960 4253 ut
974 4199 1060 4272 xystis
1073 4197 1223 4268 Roeperus
1234 4195 1305 4268 phil.

188 4282 231 4338 XV
245 4286 296 4337 296
311 4285 362 4356 qui
375 4283 464 4341 troci.
480 4291 563 4357 sepit.
579 4285 642 4341 auli
658 4277 671 4364 ΙΙ
687 4283 808 4342 habitare
825 4281 954 4354 Scaiiyer
968 4273 982 4362 ll
1023 4284 1039 4335 6
1054 4283 1077 4338 si
1092 4281 1207 4344 uideret,
1224 4281 1306 4338 sciret

190 4366 220 4424 H
234 4385 269 4424 m.
281 4385 330 4440 pr.
349 4369 453 4426 Genea.
471 4370 560 4427 Bern.
577 4373 611 4425 83
625 4361 639 4450 Ι)
680 4373 712 4424 10
726 4369 816 4426 uolam
833 4367 866 4424 H
877 4383 912 4424 m.
924 4384 973 4439 pr.
998 4365 1060 4424 uola
1077 4365 1110 4422 H
1122 4384 1157 4422 m.
1173 4381 1195 4424 s.
1212 4357 1304 4442 ΝΗ

1039 4461 1104 4532 15*
