3274 5296
348 471 411 518 XIV
656 467 882 518 CORRIGENDA
905 468 949 517 ET
972 466 1152 518 annuunt.

348 630 538 708 Menippen,
563 605 622 708 qui
631 628 809 688 inscribitur
831 630 958 688 ‘Nescis
982 628 1057 708 quid
1073 645 1186 707 uesper
1201 627 1320 699 uehat’,
1344 627 1376 684 in
1401 646 1461 706 quc

348 733 547 791 conuiuarum
569 749 729 789 numerum
751 731 809 790 hac
830 731 900 810 lege
923 731 1044 803 definit,
1068 739 1103 789 ut
1125 749 1227 809 neque
1249 730 1348 788 mInor
1371 748 1462 808 quarn
1524 761 1530 770 ·

349 833 524 893 Gratiarum
546 834 586 892 sit
608 853 711 913 neque
734 853 824 912 quam
838 834 995 892 Musarum
1018 833 1235 891 numerosior’.
1278 830 1365 890 Idem
1387 827 1462 888 ibid.

348 935 437 1008 118,
463 937 480 991 2
504 954 550 1013 sq.
575 933 684 995 ‘Multi
706 944 741 994 ut
764 936 890 995 aestimo
913 937 944 994 in
975 935 1032 993 boc
1054 955 1073 992 a
1096 935 1235 994 Varrone
1265 933 1460 1003 dissentiunt,

348 1038 402 1116 qui
417 1037 449 1094 in
465 1036 518 1095 illa
532 1036 723 1115 lepidissime
738 1047 842 1097 sature
857 1037 1034 1115 Menippea,
1054 1055 1134 1115 qnae
1150 1035 1327 1095 inscribitur
1342 1034 1462 1093 ‘Nescis

348 1137 423 1216 quid
446 1157 559 1216 uesper
580 1139 690 1197 uehat’
715 1138 754 1196 de
777 1138 914 1198 secunda
928 1158 1034 1197 mensa
1056 1138 1215 1217 placentas
1236 1136 1368 1196 remouit
1391 1179 1398 1193 .
1423 1179 1430 1195 .
1454 1176 1462 1194 .

347 1241 448 1299 Locus
463 1221 614 1300 Varronis
635 1239 650 1298 ‚¹
668 1283 674 1298 .
699 1284 706 1298 .
728 1242 761 1299 in
777 1241 824 1299 his
839 1241 904 1299 fere
920 1240 1023 1299 uerbis
1040 1250 1100 1300 est:
1130 1239 1266 1299 Bellaria
1282 1257 1318 1297 ea
1332 1238 1462 1296 maxime

348 1350 421 1401 sunt
442 1340 558 1404 mellita
582 1361 661 1421 quae
683 1340 800 1402 mellita
822 1362 885 1402 non
908 1351 996 1418 eunt3
1021 1341 1158 1402 dulcibus
1181 1343 1349 1402 enimcum
1371 1333 1462 1410 πέψει
1484 1399 1493 1410 ,

335 1445 477 1503 'societas
499 1442 622 1502 infida'.
667 1443 838 1524 Sequentia
860 1442 1061 1523 ‘Significant
1083 1453 1185 1504 autem
1206 1444 1336 1504 bellaria
1360 1484 1366 1499 .
1391 1487 1397 1501 .
1422 1486 1428 1500 .
1454 1486 1461 1499 .

346 1544 453 1604 Liberi
481 1544 625 1605 bellaria’
651 1543 766 1605 eisdem
796 1532 860 1605 fere
888 1546 1007 1618 uerbis,
1039 1546 1150 1625 quibus
1174 1546 1308 1619 Gellius,
1338 1542 1463 1603 exhibet

347 1645 521 1708 Macrobius
544 1645 732 1725 redactaque
754 1649 786 1705 in
815 1647 940 1706 breuius
963 1648 1096 1707 Ioannes
1124 1647 1358 1707 sarisberiensis
1380 1644 1462 1704 Poli-

348 1750 459 1810 cratiec
483 1748 563 1808 VIII
586 1750 603 1806 7
627 1748 680 1807 ubi
703 1749 777 1808 dicit
799 1749 923 1809 ‘Vtitur
945 1757 1045 1809 autem
1067 1749 1124 1809 hoe
1147 1750 1270 1810 nomine
1295 1749 1337 1806 M.
1354 1746 1461 1808 Varro.

347 1850 495 1924 Bellaria,
525 1851 642 1929 inquit,
672 1871 708 1909 ea
734 1851 864 1910 maxime
891 1852 1009 1911 mellita
1036 1861 1123 1924 sunt,
1154 1870 1233 1931 quae
1261 1849 1377 1910 mellite
1399 1869 1460 1908 non

347 1956 442 2012 sunt?
721 1939 728 1944 .
1119 2018 1124 2022 ,

411 2075 442 2133 p.
460 2057 518 2114 181
542 2054 564 2113 I.
589 2055 628 2112 13
651 2075 669 2113 a
690 2053 741 2112 fin.
767 2055 835 2134 lege
858 2054 1027 2129 ‘pedester'.

411 2178 442 2236 p.
459 2157 535 2229 240,
554 2156 593 2214 15
616 2176 662 2235 sq.
685 2157 778 2215 Hune
800 2156 916 2230 locum,
942 2177 1031 2237 quem
1054 2157 1232 2216 dubitanter
1243 2157 1376 2216 Varroni
1392 2154 1460 2215 reli-

348 2259 413 2338 qui,
438 2279 504 2317 sere
527 2257 593 2318 uidi
615 2279 632 2316 e
654 2258 754 2317 Lucili
775 2258 829 2318 lib.
846 2259 892 2317 IV
914 2259 956 2337 fg.
980 2261 998 2318 6
1023 2259 1106 2320 Gerl.
1130 2257 1195 2338 (ap.
1214 2259 1277 2318 (lic.
1301 2259 1339 2318 de
1361 2259 1412 2317 fin.
1429 2258 1462 2315 ΙΙ

348 2363 382 2433 8,
400 2358 453 2437 23)
478 2360 607 2439 petitum
624 2379 701 2420 esse.
827 2421 830 2427 ,

410 2483 441 2541 p.
458 2463 519 2522 250
539 2462 581 2541 fg.
597 2462 718 2522 XXIV.
751 2451 1010 2540 Num'legcndum
1026 2462 1194 2536 ‘probibent
1213 2481 1337 2536 puerum
1360 2465 1463 2521 bancam
1508 2509 1515 2514 .

345 2567 450 2639 fieri'?
496 2622 500 2630 ,
571 2627 585 2646 ,

413 2739 529 2828 Scripsi
551 2750 806 2811 Hemnnnnnene
829 2771 933 2812 mense
956 2751 1068 2839 Martio
1091 2773 1118 2811 a.
1141 2767 1321 2820 uncccnxv.
