3326 5304
263 526 265 529 v
337 477 396 540 108
702 485 737 541 Μ.
761 485 903 541 TEREMTI
924 484 1084 542 VARRONIS

665 643 718 710 xi
741 649 786 728 (1.
809 647 875 732 20).
897 646 972 741 xu
991 647 1037 734 (2.
1059 651 1115 735 21)

334 748 427 812 Ttiuc
448 757 583 834 repente
605 747 758 813 caelitum
781 747 881 813 altum
903 748 1081 814 tdnitribus
1108 749 1265 836 templium
1291 759 1450 834 tonesoat,

331 845 387 914 'Et
408 858 502 934 pater
525 849 639 914 diuum
660 848 833 914 trisulcum
854 848 979 915 fulmen
1001 851 1071 934 igni
1091 851 1221 918 feruido
1243 863 1352 918 aetum

332 951 445 1016 Mittat
466 951 501 1014 in
523 949 648 1015 tholdm
669 949 808 1016 macelli.

772 1119 863 1185 xm
886 1123 930 1202 (3.
954 1122 1008 1208 22)

331 1219 456 1305 Migna
470 1221 518 1286 uti
534 1223 709 1287 tremiscet
723 1222 827 1286 Roma
842 1229 875 1285 et
890 1224 1028 1306 magnae
1043 1223 1291 1289 ‘mandon'tim
1307 1224 1449 1309 gulae’.

295 1504 314 1563 5
416 1473 484 1539 Nos
508 1497 584 1560 ergo
607 1473 689 1542 nihil
710 1369 1071 1561 egifflqlldllgeiem
1085 1476 1258 1560 Liciniam,
1274 1477 1340 1544 luci
1361 1478 1449 1543 claro

331 1573 443 1655 latam,
467 1575 581 1658 secuti,
604 1598 700 1639 mane
721 1613 764 1626 -
777 1577 843 1640 ——?

333 1781 368 1830 ab
391 1781 482 1830 hamis
506 1782 593 1831 Varro
616 1781 744 1831 Bimarco
767 1781 855 1832 uoluit
881 1783 1015 1848 appellari
1031 1818 1038 1833 .
1053 1820 1059 1831 .
1074 1787 1096 1830 .’
1156 1785 1199 1835 XI
1217 1785 1321 1835 Nonius
1341 1786 1398 1849 180,
1418 1787 1449 1836 13

332 1849 506 1898 ‘Tonesoit
523 1865 573 1914 pro
591 1852 671 1898 tonat
688 1849 775 1899 Varro
793 1850 917 1900 Bimarco
937 1850 1105 1915 (Vimurco
1129 1851 1216 1916 LW):
1239 1857 1306 1902 tunc
1327 1857 1448 1904 ..tone-

332 1917 406 1965 scit.’
458 1917 512 1967 XII
531 1918 636 1966 Nonius
657 1917 721 1978 448,
742 1919 773 1967 18
802 1916 937 1968 ‘Sulcus
960 1933 1039 1969 omne
1067 1919 1201 1983 quidquid
1224 1921 1254 1969 in
1275 1920 1448 1986 longitudine

332 1983 489 2033 aculeatum
512 1988 554 2034 est
572 1985 626 2034 dici
650 1988 741 2048 potest
759 2011 791 2018 —
809 2013 841 2019 -
860 1985 946 2036 Varro
970 1987 1097 2036 Bimarco
1121 1984 1293 2049 (Vimorco
1311 1987 1448 2053 BHLW):

333 2054 360 2100 et
370 2088 376 2100 .
386 2086 407 2100 ..
421 2051 552 2101 mucelli)
606 2050 673 2101 VIII
685 2053 791 2102 Nonius
803 2055 842 2116 17,
856 2055 888 2102 14
906 2059 914 2083 ‘
921 2053 1151 2105 Manducones
1170 2056 1217 2118 qui
1235 2055 1364 2105 manduci
1381 2055 1449 2104 dicti

331 2123 408 2180 suut3
429 2124 457 2168 et
474 2119 623 2169 mandones
643 2119 752 2169 edaces.
788 2121 1006 2185 Pomponius-
1023 2122 1110 2172 Varro
1129 2123 1255 2172 Bimarco
1275 2121 1447 2189 (Vimurgo

331 2184 450 2251 HLW).
466 2191 484 2235 .’
510 2186 551 2236 cf.
571 2186 695 2236 Lucilius
715 2203 758 2252 up.
778 2189 847 2238 Non.
866 2188 893 2237 h.
912 2187 929 2240 l.
949 2187 1001 2252 fr'g.
1020 2190 1075 2239 ine.
1094 2191 1128 2239 84
1147 2190 1220 2242 Gerl.
1240 2193 1336 2254 ‘eique
1354 2205 1448 2240 omnes

331 2254 494 2304 mandouum
518 2255 621 2319 gulee’.
684 2255 748 2304 XIV
771 2256 875 2320 Nonius
902 2259 960 2318 210,
982 2258 997 2305 6
1017 2257 1097 2306 ‘Lux
1120 2257 1247 2330 feminini
1270 2262 1312 2308 est
1329 2259 1448 2322 generis.

1130 2334 1157 2361 ul

330 2372 516 2437 Vergilius-
529 2373 683 2424 Masculino
697 2357 811 2424 Pls'tutus
820 2399 854 2408 -
867 2375 955 2425 Varro
971 2375 1098 2426 Bimarco
1118 2373 1240 2439 (murco
1258 2378 1280 2426 L
1298 2377 1447 2426 Vimareo

331 2441 397 2504 W).
412 2445 449 2492 ..’
481 2440 523 2489 Cf.
545 2440 652 2491 Gellius
670 2442 697 2490 11
715 2444 757 2501 24,
777 2444 805 2491 7:
824 2443 894 2492 ‘Lex
912 2443 1024 2492 Licinia
1043 2479 1091 2495 ...
1113 2459 1174 2492 cum
1193 2448 1220 2493 et
1238 2447 1329 2494 earnis
1349 2449 1377 2493 et
1394 2443 1447 2494 sal·

331 2509 450 2558 sumenti
469 2512 547 2558 certe
570 2507 691 2574 pondera
714 2509 743 2559 in
765 2510 889 2574 singulos
913 2511 972 2561 dies
991 2512 1193 2573 constituisset,
1219 2512 1351 2576 quidquid
1376 2514 1449 2562 esset

330 2579 424 2625 temen
443 2591 456 2625 e
476 2579 551 2626 terra
567 2577 624 2626 uite
644 2577 742 2626 arbore
760 2578 896 2641 promisce
922 2583 1004 2641 etque
1022 2578 1162 2629 indefinite
1179 2579 1281 2644 largita
1301 2584 1363 2630 est’.
1393 2581 1447 2628 Lu-

332 2643 414 2691 cilius
432 2642 498 2691 ibid.
517 2645 563 2706 24,
583 2647 615 2693 10
634 2645 753 2709 ‘Legem
770 2645 884 2694 uitemu’
906 2646 1018 2694 Liciui'.
1055 2645 1227 2696 Sententiam
1249 2648 1381 2698 Varronis
1401 2646 1446 2695 ab·

330 2714 440 2774 ruptum
463 2711 554 2760 ironic
576 2727 640 2762 uere
664 2712 838 2762 Varroniano
861 2714 902 2762 sic
925 2714 1069 2764 continuo:
1096 2719 1192 2764 ‘mane
1216 2715 1324 2764 demum
1347 2731 1364 2764 a
1383 2730 1446 2764 cou-

331 2950 529 3006 Bueeltelerus
543 2968 571 3021 p.
587 2955 636 3005 437
652 2943 665 3030 Η
681 2953 841 3008 amIotarum
856 2952 879 3013 L
894 2943 908 3032 Η
958 2956 971 3005 l
995 2954 1105 3009 uelitum
1129 2944 1190 3033 Wll
1205 2960 1330 3010 toncsoat
1344 2957 1450 3026 scripsi

331 3037 449 3092 toncscit
469 3035 539 3090 bW
555 3027 569 3115 Η
593 3036 780 3092 Trocduicum
804 3040 920 3110 uyuouii
940 3041 1118 3094 octonarium
1148 3039 1292 3095 Vulleuus
1309 3057 1338 3110 p.
1356 3040 1413 3092 145.
1433 3032 1446 3118 Ι,

330 3128 347 3173 2
374 3120 479 3176 feruido
506 3122 566 3176 eod.
595 3120 769 3177 Basileeusis
798 3123 887 3179 fruido
911 3122 1041 3178 BHLW
1062 3114 1076 3202 {l
1100 3130 1209 3179 acutum
1230 3124 1321 3178 Busil.
1358 3130 1447 3180 cetum

330 3204 462 3261 BHLW
487 3212 596 3261 acutum
612 3207 685 3269 edd„
710 3197 882 3285 Vahleuusss
940 3209 1067 3263 3mittat
1083 3207 1212 3262 BHLW
1237 3209 1322 3264 mittit
1336 3208 1447 3279 Rcepe-

331 3306 382 3345 rus
397 3291 432 3344 de
443 3305 523 3361 poes.
548 3289 631 3344 Varr.
649 3291 730 3362 reliq.
747 3292 873 3363 quibusd.
891 3295 957 3345 1858
967 3309 1000 3362 p.
1017 3296 1047 3344 11
1070 3299 1097 3347 et
1112 3292 1309 3348 Buechelerus
1320 3311 1351 3364 p,
1368 3296 1416 3348 435
1434 3285 1446 3369 ll

331 3374 417 3430 tolum
433 3373 471 3429 H.
488 3392 522 3430 m.
539 3390 594 3430 sec.
619 3375 724 3430 tholum
746 3376 864 3432 Marcelli
886 3376 976 3431 Busil.
998 3367 1011 3455 Η
1034 3376 1170 3432 Sertorios
1188 3377 1339 3438 oehlerus.
1354 3383 1447 3447 septe-

331 3461 444 3514 uurium
460 3460 637 3516 trochaicum
658 3477 722 3516 sum
738 3476 826 3517 uersu
842 3461 960 3516 iambico
981 3477 1051 3516 uoce
1077 3462 1196 3517 actutum
1211 3463 1362 3531 Incipiente
1377 3461 1447 3516 Mei-

331 3543 433 3598 uelu‘us
443 3561 474 3615 p.
491 3547 555 3611 737,
588 3545 732 3600 Vatrenus
743 3562 774 3615 p.
794 3549 854 3610 145,
878 3545 1050 3600 Ribbeclu'us
1061 3563 1093 3616 p.
1112 3549 1176 3613 123,
1194 3545 1226 3601 L.
1243 3545 1402 3601 Muellerus
1413 3562 1444 3615 p.

330 3630 395 3692 413,
416 3627 599 3700 effinxerunt
618 3621 632 3707 Η
689 3633 705 3680 4
727 3638 757 3685 ut
777 3637 923 3685 tremescat
943 3629 1044 3684 HLW
1069 3631 1109 3685 uti
1131 3636 1272 3686 tremescat
1287 3627 1448 3685 Meinelcius

331 3715 362 3767 ut
376 3713 551 3768 Intremescat
566 3712 717 3783 Roeperus
732 3715 749 3768 l.
764 3729 789 3768 e.
805 3705 819 3792 Η
840 3713 1040 3783 septenarium
1057 3699 1232 3770 trochaicum
1247 3715 1363 3786 uquouit
1376 3713 1447 3770 Mei-

331 3796 433 3852 uelu'us
452 3787 467 3875 Η
494 3797 563 3868 Fyq.
587 3797 730 3852 Xl—Xlll
757 3798 908 3868 Roeperus
933 3799 952 3854 l.
978 3815 1002 3854 c.
1032 3802 1072 3855 itu
1099 3801 1253 3856 octonariis
1279 3800 1447 3869 descripsit.-

248 3935 249 3940 ,
333 3881 408 3936 Tunc
424 3920 431 3935 .
450 3919 456 3930 .
475 3883 592 3937 tonescit
611 3879 616 3951 l
634 3869 676 3936 'Et
691 3889 769 3955 puter
785 3920 791 3932 .
810 3922 816 3933 .
834 3890 922 3937 sctum
943 3880 947 3954 Ι
967 3882 1049 3939 Mittit
1065 3886 1091 3938 in
1107 3885 1146 3940 th.
1163 3883 1282 3947 macelli,
1306 3885 1401 3956 tulgus
1416 3891 1448 3938 ut

331 3965 448 4038 Intuli..
464 3963 515 4038 etl
541 3965 652 4038 Mignee
674 3984 708 4021 m.
731 3966 824 4039 gulam
852 3968 926 4022 idem
942 3967 1042 4036 philol.
1065 3967 1141 4022 XVIII
1162 3971 1212 4020 465
1236 3967 1387 4038 praefert:
1417 3974 1447 4021 ut

274 4041 276 4047 ’
330 4050 395 4105 iutr.
411 4049 494 4117 Roma
513 4051 518 4122 Ι
537 4050 570 4105 Et
585 4052 698 4124 mignae
713 4067 748 4105 m.
765 4051 852 4125 gulae.
877 4052 1073 4106 Buechelerus
1083 4068 1115 4121 p.
1128 4055 1178 4106 437
1193 4061 1236 4122 su
1252 4053 1349 4107 eadem
1364 4051 1448 4106 habet

331 4149 421 4204 usque
437 4136 476 4190 ad
489 4135 607 4197 macelli,
631 4137 732 4190 deiude
750 4141 817 4207 post
831 4137 964 4190 lacunam
983 4135 1027 4207 sq.
1049 4136 1071 4190 Χ
1091 4141 1119 4190 et
1140 4135 1194 4191 Xlll
1215 4142 1353 4192 secuntur
1377 4127 1391 4214 Η

332 4222 347 4270 5
362 4219 500 4275 Lucanum
519 4220 558 4273 W
574 4219 675 4275 Luceni
687 4220 719 4292 t,
736 4237 788 4274 om.
802 4221 905 4275 Aldina
927 4220 1086 4274 Lucanicum
1102 4221 1149 4275 uel
1162 4219 1291 4276 LIoiuiam
1310 4220 1447 4276 Oelrlerus

331 4301 434 4357 Licinii
456 4295 827 4382 Ribbeekiusp.124}lluci
843 4321 895 4358 om.
913 4303 935 4358 t
955 4295 969 4381 ΙΙ
1012 4307 1028 4357 6
1049 4305 1188 4360 scutulaus
1209 4304 1279 4359 LW
1297 4303 1446 4360 scutuleui-

332 4402 392 4440 mus
410 4387 517 4456 Popmu
541 4388 701 4443 sustulimus
719 4387 857 4443 Oelelerus
879 4379 975 4465 σκότῳ
996 4389 1114 4444 uitamus
1137 4388 1309 4444 Ribbeckius
1324 4379 1446 4443 ἐσκοτώ-
