3274 5296
344 421 383 485 16
817 428 945 484 clevi
974 429 985 483 l

256 600 261 609 '
343 589 620 673 (tamisium
641 589 792 656 breuium
814 590 857 654 cf.
873 589 980 655 Varro
1005 588 1095 676 apud
1116 588 1261 655 Nonium
1277 597 1348 672 428,
1366 575 1454 677 19)'1)

295 679 297 684 ¹
340 691 442 756 libros
465 692 499 755 X
522 701 555 756 et
576 691 948 778 pseudotragoediarum
972 689 1033 776 (sic
1055 689 1150 756 codd.
1166 691 1306 777 Pariss.)
1323 691 1377 756 uel
1391 700 1455 756 tra-

340 792 533 876 goediarum
557 792 643 878 (cod.
660 791 827 879 Atrebat.)
844 791 944 859 libros
967 791 1027 874 VI,
1050 800 1087 856 ut
1109 789 1201 856 aliud
1221 790 1303 856 illud
1324 815 1456 858 carmen

341 902 467 958 taceam
500 893 586 980 quod
620 893 861 974 Quintilianum
893 893 1079 978 significare
1113 893 1262 960 nonnulli
1298 895 1455 981 suspicati

341 1004 428 1077 sunt,
451 1018 523 1060 cum
545 995 689 1060 nominet
711 995 744 1082 (Ι
765 1006 795 1077 4,
813 997 846 1082 4)
869 1000 1096 1076 ‘Empedoclem
1118 1002 1150 1060 in
1175 1000 1311 1077 Graccis,
1340 1002 1454 1061 Varro-

340 1118 406 1161 nem
421 1119 460 1162 ae
474 1103 649 1164 Lucretium
664 1105 696 1162 in
716 1102 843 1176 Latinis,
869 1105 922 1177 qui
936 1108 1108 1178 praecepta
1129 1105 1299 1178 sapientiae
1320 1104 1456 1163 uersibus

340 1205 559 1277 tradiderunt,
587 1220 726 1286 quocum
748 1197 963 1282 conferendus
987 1208 1037 1263 est
1057 1199 1251 1264 Lactantius
1272 1199 1366 1264 instt.
1385 1198 1454 1263 diu.

339 1300 437 1392 II,13
467 1305 683 1380 ‘Empedocles
704 1339 746 1348 -
767 1339 810 1349 -
832 1306 870 1364 dc
891 1321 992 1364 rerum
1018 1311 1133 1366 notura
1160 1306 1295 1366 uersibiu
1321 1307 1453 1380 scripsit,

340 1412 373 1467 ct
390 1409 478 1481 opud
499 1407 652 1466 Romanos
673 1407 831 1468 Lucretius
858 1412 887 1466 ct
914 1409 1052 1476 Varro';
1074 1402 1171 1467 nimis
1200 1404 1287 1468 enim
1308 1401 1455 1488 proclive

340 1513 391 1569 est
413 1503 556 1585 credere,
581 1503 831 1584 Quintilianum,
854 1526 950 1589 quem
963 1503 1157 1568 Lactantius
1180 1503 1365 1590 exscripsit,
1390 1501 1454 1568 tale

340 1604 474 1690 aliquod
496 1604 537 1669 de
560 1605 722 1690 sapientia
743 1627 860 1690 poema
882 1628 923 1669 ex
938 1592 1105 1670 Ciceronis
1121 1605 1231 1670 uerbis
1255 1605 1362 1671 obiter
1383 1626 1454 1689 per-

338 1705 432 1771 lectis
455 1727 514 1791 pro
537 1707 675 1787 saturis,
698 1705 811 1793 quales
833 1729 949 1771 reuera
972 1715 1081 1788 erant,
1111 1705 1174 1771 sibi
1202 1705 1354 1788 finxisse,
1382 1727 1455 1769 cum

242 1821 245 1832 '
340 1817 469 1872 saturas
495 1809 584 1894 ipsas
615 1829 688 1872 eum
718 1829 894 1893 numquam
921 1809 1079 1872 curiosius
1110 1807 1294 1894 inspexisse
1320 1805 1375 1871 uel
1403 1829 1454 1872 oc-

340 1908 463 1974 cultum
484 1908 568 1973 illud
590 1920 622 1974 et
650 1919 772 1973 tectum
799 1909 929 1974 dicendi
957 1931 1059 1994 genus
1083 1930 1147 1996 quo
1176 1907 1217 1973 dc
1240 1908 1287 1973 eis
1309 1907 1455 1994 loquitur

339 2010 396 2098 (cf.
412 2033 444 2097 p.
462 2012 494 2097 7)
523 2009 621 2075 ualde
648 2008 826 2075 uerisimile
852 2010 986 2094 reddat3
1017 2010 1059 2074 cf.
1080 2009 1272 2074 Krahnerus
1296 2009 1337 2074 de
1358 2011 1453 2074 Varr.

338 2111 455 2198 philos.
470 2136 502 2199 p.
521 2121 560 2182 10
576 2135 624 2198 sq.
661 2112 837 2177 Atacinum
859 2135 987 2199 quoque
1009 2113 1201 2194 Varronem,
1225 2111 1266 2176 de
1288 2133 1352 2199 quo
1374 2134 1454 2176 non-

338 2213 418 2278 nulli
441 2216 642 2299 cogitarunt,
673 2237 738 2279 non
765 2222 845 2300 puto
876 2211 1078 2295 Quintiliano
1106 2214 1148 2279 ob
1171 2223 1314 2278 mentem
1340 2213 1455 2294 fuisse,

339 2338 412 2380 cum
434 2325 609 2402 praecepta
631 2316 813 2402 sapientiae
840 2315 904 2382 alio
927 2315 982 2379 ille
1003 2314 1074 2380 loco
1097 2314 1228 2380 tradere
1256 2337 1321 2379 non
1342 2324 1454 2401 potue·

320 2417 393 2498 ,rit,
416 2418 480 2482 nisi
503 2418 644 2483 fortasse
667 2416 867 2504 quibusdam
889 2416 969 2482 locis
992 2417 1150 2502 prooemii
1172 2415 1454 2502 Chorographiae3

340 2518 563 2600 Quintilianus
592 2529 702 2584 autem
724 2519 867 2584 carmina
895 2518 1024 2583 adferat
1044 2540 1127 2604 quae
1153 2527 1222 2582 tota
1251 2517 1287 2581 in
1313 2517 1454 2604 philoso-

261 2611 263 2616 ’
338 2621 416 2707 phia
447 2630 630 2686 uersentur.
688 2620 753 2685 Sed
786 2621 829 2685 ad
859 2619 965 2686 nostri
999 2620 1158 2684 Varronis
1192 2621 1322 2706 poetica
1354 2641 1455 2706 opera
1558 2709 1563 2716 ι

337 2721 551 2808 redeamus.²)
601 2721 720 2786 Omnia
747 2723 782 2785 in
808 2720 874 2785 illis
897 2721 1024 2786 Tullius
1053 2744 1137 2808 quae
1165 2721 1272 2786 Varro
1301 2721 1453 2786 uersibus

338 2823 578 2910 conscripserat
600 2822 733 2906 laudat;
754 2822 839 2886 uarii
855 2844 894 2888 ea
909 2824 1037 2908 generis
1054 2847 1124 2889 esse
1141 2823 1222 2889 dicit
1243 2833 1276 2888 et
1291 2821 1455 2909 elegantia

338 2934 370 2989 et
391 2925 480 2989 omni
494 2926 563 3000 fere
586 2947 720 2990 numero
743 2924 940 3011 composita3
964 2925 1016 2989 sin
1030 2947 1114 3011 quae
1128 2926 1213 2991 forte
1231 2924 1343 2990 inillis
1360 2934 1455 2992 erant

406 3183 433 3249 l)
452 3184 495 3233 Ex
513 3184 553 3234 eis
571 3199 654 3233 unum
673 3182 746 3249 apud
763 3183 924 3234 Diomedem
942 3184 1126 3250 fragmentum
1148 3188 1287 3234 seruatum
1305 3189 1361 3246 cst;
1381 3183 1454 3248 quod
1513 3207 1521 3232 ι

337 3268 478 3319 chimille
501 3285 527 3334 p.
546 3270 609 3332 400,
632 3268 717 3321 2911.
736 3268 886 3319 Varronem
911 3268 993 3318 affert
1016 3271 1058 3318 ‘in
1087 3271 1190 3334 poetico
1213 3269 1292 3320 libro:
1324 3272 1349 3318 e't
1371 3276 1453 3318 tamea

337 3369 387 3404 non
410 3355 517 3404 demdlio
540 3357 641 3404 rosira’
667 3353 694 3402 id
712 3367 785 3402 nunc
803 3357 949 3418 postquam
968 3352 1001 3402 de
1019 3355 1157 3419 poematis
1169 3354 1303 3404 Varronis
1321 3354 1453 3418 comperi-

336 3455 394 3490 mus
413 3454 503 3503 neque
522 3453 583 3488 cum
601 3440 724 3489 Mercero
744 3438 778 3488 ad
796 3437 998 3488 ‘Prometheum
1018 3438 1177 3489 liberatnm’
1195 3453 1285 3502 neque
1305 3453 1364 3488 cum
1379 3419 1453 3488 Oehx-

337 3523 393 3574 lero
413 3523 448 3573 ad
466 3523 669 3574 ‘Prometheum
688 3523 815 3574 liberum'
833 3523 937 3572 referre
957 3539 1024 3589 opus
1044 3527 1095 3576 cst.
1121 3523 1237 3574 Videtur
1255 3527 1346 3574 autem
1364 3526 1453 3573 metro

337 3609 407 3657 satis
426 3607 577 3659 artificioso
597 3609 746 3671 contineri,
767 3608 876 3658 creticis
899 3612 927 3658 et
944 3608 1085 3660 trochaeis
1103 3609 1162 3658 siue
1185 3607 1313 3674 spondeis
1331 3608 1452 3658 inuicem

336 3706 398 3741 sese
417 3693 631 3755 excipientibus.
691 3680 695 3684 ⁸

404 3775 430 3840 2)
450 3775 568 3825 Omnino
586 3776 626 3825 nil
645 3791 709 3826 curo
728 3777 862 3826 Varronis
880 3781 1047 3843 ‘satyrarum
1065 3779 1150 3829 libros
1168 3778 1235 3828 IIII'
1255 3792 1323 3842 quos
1340 3782 1453 3842 praeter

336 3860 500 3926 Menippeas
519 3859 666 3926 catalogus
683 3851 732 3912 ille
757 3866 912 3926 enumerat,
937 3879 998 3914 cum
1019 3861 1127 3912 indoles
1151 3877 1185 3912 ac
1207 3863 1279 3912 ratio
1297 3877 1391 3912 earum
1409 3863 1451 3912 in-

337 3945 491 3996 certissima
509 3945 547 3995 sit
566 3949 594 3995 et
611 3961 645 3994 nc
663 3945 715 3996 hoc
734 3945 841 4010 quidem
861 3952 977 4010 constet,
996 3953 1109 3997 rectene
1128 3963 1163 3996 an
1183 3961 1251 3997 casu
1270 3962 1287 3996 a
1306 3945 1351 3998 CL
1371 3947 1450 3997 libris

335 4035 491 4080 saturarum
520 4031 549 4079 in
581 4029 710 4096 catalogo
743 4035 891 4096 separatae
918 4031 983 4082 sint.
1031 4031 1106 4080 Satis
1132 4036 1225 4081 tamen
1254 4031 1349 4097 placet
1378 4031 1450 4096 quod

334 4114 502 4165 Bitschelius
520 4130 587 4164 mus.
606 4115 703 4180 philol.
721 4117 761 4166 VI
778 4119 828 4166 492
850 4117 1006 4182 proposuit,
1030 4131 1077 4165 eas
1096 4115 1130 4165 ad
1149 4115 1266 4166 alterum
1284 4131 1371 4182 genus
1389 4131 1450 4181 pcr-

335 4199 466 4259 tinuisse‚
486 4199 559 4264 quod
576 4199 702 4250 Lucilius
726 4204 920 4266 occupauerat.
955 4200 1054 4248 Fuerit
1078 4201 1164 4264 igitur
1181 4200 1268 4250 Varro
1292 4202 1321 4249 in
1338 4216 1449 4251 numero

336 4283 516 4344 ‘quorundam
535 4285 663 4335 aliorum’
683 4285 730 4347 qui
747 4290 859 4350 praeter
876 4285 1025 4334 Atacinum
1041 4284 1096 4334 hoc
1113 4300 1200 4350 genus
1220 4289 1284 4335 ante
1302 4285 1449 4336 Horatium

337 4355 517 4431 temptarunt3
536 4370 572 4421 cf.
590 4370 657 4419 Hor.
677 4384 756 4418 serm.
773 4371 788 4419 -1
807 4372 848 4433 10,
866 4371 908 4421 47.
