3274 5296
652 444 779 518 canvr
808 459 819 516 1
1252 455 1292 521 15

175 620 373 703 Quintiliani
390 621 556 686 Ciceronis
579 621 724 688 locorum
747 622 933 688 admonitus
956 623 1011 708 qui
1033 623 1204 710 utriusque
1227 645 1292 688 ser·

174 723 279 787 monis
318 724 543 790 confusionem
571 723 715 788 Varroni
748 724 947 806 attribuant,
983 722 1041 789 hos
1078 723 1164 789 locos
1199 725 1294 791 aliter

176 823 343 910 explicare
364 824 398 887 in
421 823 533 911 philol.
557 823 680 889 XVIII
703 833 764 894 420
787 847 857 911 sqq.
881 813 1036 911 suscepit.
1082 825 1173 907 Quos
1206 835 1293 892 uete-

174 949 248 990 rum
279 926 385 1007 locos,
416 926 443 989 si
472 925 568 990 modo
597 927 630 989 in
657 924 742 990 hanc
770 927 993 1012 quaestionem
1021 949 1099 990 uere
1122 927 1292 1012 quadrent,

175 1050 249 1092 cum
272 1027 456 1092 certissima
479 1026 671 1113 disputandi
686 1027 900 1092 fundamenta
914 1029 1071 1114 praebere
1092 1051 1223 1094 necesse
1239 1029 1293 1110 sit,

175 1128 218 1192 de
240 1128 287 1191 eis
309 1136 347 1192 ut
373 1151 442 1192 rem
465 1128 508 1193 ad
535 1127 695 1216 liquidum
721 1128 939 1214 perducamus
966 1129 1097 1193 initium
1124 1130 1219 1195 nobis
1242 1151 1293 1193 su-

174 1228 331 1293 mendum
354 1239 414 1294 est.
804 1229 808 1236 ⁴

239 1330 370 1404 Primus
393 1331 494 1415 igitur
517 1329 631 1397 Cicero
655 1338 827 1418 postquam
849 1331 885 1393 in
906 1332 1180 1406 Academicorum
1202 1331 1294 1396 initio

175 1431 360 1497 Varronem
384 1431 424 1494 de
448 1432 515 1496 suis
545 1432 698 1519 operibus
729 1431 943 1498 disserentem
965 1432 1111 1514 induxit,
1140 1432 1293 1498 laudibus

175 1556 251 1598 eum
274 1533 410 1598 efferens
433 1531 514 1598 haec
536 1532 713 1620 respondet
737 1533 767 1618 (1
791 1543 821 1616 3,
845 1533 895 1619 9):
932 1539 1014 1600 ‘Nos
1041 1543 1073 1600 in
1095 1546 1200 1600 nostra
1221 1540 1296 1600 urbe

169 1642 408 1716 pereprinuntes
428 1645 627 1714 errantesque
650 1647 803 1714 tamquam
825 1641 955 1715 hospites
977 1643 1022 1702 tui
1041 1642 1116 1702 iibri
1134 1643 1223 1716 quasi
1243 1641 1294 1700 rto-

174 1758 257 1801 mum
280 1743 475 1802 deduxerunt
491 1787 498 1801 .
517 1784 524 1799 .
543 1787 550 1801 .
576 1741 622 1801 Tu
638 1747 765 1801 aetatem
784 1744 970 1816 patrinatu
993 1745 1211 1818 descriptiones
1226 1749 1294 1803 tem-

171 1859 284 1919 porum
402 1845 566 1918 aperuisti,
594 1845 818 1918 plurimumque
840 1847 941 1919 poetis
974 1847 1086 1904 nostris
1118 1847 1298 1920 omninoque

174 1947 280 2005 latinis
301 1951 330 2004 et
350 1945 446 2004 literis
472 1947 592 2004 luminis
619 1947 749 2005 attulisti
769 1951 798 2004 et
816 1946 934 2027 perbis,
965 1955 1056 2020 atque
1083 1948 1148 2021 ipse
1175 1948 1296 2006 uarium

175 2053 205 2106 et
233 2048 356 2120 elepans
384 2048 466 2106 omni
487 2045 559 2118 sere
585 2063 723 2107 nurnero
731 2032 843 2121 paeana
867 2045 985 2120 fecisti,
1015 2048 1298 2124 philosophiamque

151 2148 279 2208 'multis
304 2149 378 2208 loeis
412 2149 576 2222 insultasti,
608 2151 650 2208 ad
676 2146 886 2223 impellendum
919 2151 1008 2224 satis,
1042 2150 1086 2207 ad
1112 2150 1296 2208 edocendum

152 2229 157 2292 l
168 2251 310 2326 parum!
355 2243 409 2307 Ex
439 2266 476 2309 eo
506 2243 577 2309 loco
607 2245 635 2308 si
657 2252 750 2309 caute
774 2243 958 2330 explicatur
985 2243 1032 2307 nil
1055 2245 1184 2309 omnino
1208 2246 1297 2331 quod

175 2348 218 2412 ad
241 2345 467 2432 quaestionem
490 2355 635 2411 nostram
657 2346 822 2432 pertineat
844 2345 915 2409 erui
936 2354 1055 2431 potest,
1078 2355 1115 2410 ut
1135 2367 1196 2410 nec
1212 2345 1296 2410 Bue-

175 2445 306 2512 ehelero
331 2446 471 2511 duarum
487 2447 670 2512 orationum
685 2447 946 2512 coniunctionem
961 2469 1022 2510 nec
1037 2446 1185 2532 Roepero
1208 2469 1313 2511 mera·

176 2549 323 2614 carmina
345 2571 365 2612 a
388 2548 545 2614 Cicerone
573 2549 607 2611 in
636 2547 756 2614 saturis
787 2547 933 2612 indicata
962 2546 1201 2614 affirmantibus
1230 2570 1297 2614 cre-

72 2712 77 2720 .
176 2650 321 2716 <lendum
350 2650 402 2714 sit.
453 2649 528 2714 Etsi
558 2651 644 2714 enim
674 2641 714 2743 de‘
743 2649 882 2731 saturis,
912 2671 997 2735 quae
1026 2650 1122 2731 omni·
1141 2649 1211 2714 fere
1239 2663 1314 2714 nu-'

175 2773 265 2817 mero
279 2751 460 2837 composita
475 2753 620 2816 carmina
635 2773 653 2815 e
699 2749 858 2833 tinebant,
872 2750 1062 2816 Ciceronem
1079 2774 1194 2817 reuera
1208 2749 1298 2838 loqui

176 2852 424 2919 concedendum
439 2853 483 2917 sit
499 2851 589 2938 (nam
604 2746 718 2966 osma
734 2851 920 2938 opinionem
935 2875 954 2915 a
969 2851 1149 2918 Bitschelio
1165 2853 1200 2917 in
1214 2875 1297 2917 mus.

175 2954 291 3044 philol.
314 2954 365 3018 VI
388 2964 450 3024 494
465 2977 514 3041 sq.
537 2953 709 3041 prolatam,
734 2976 866 3017 carmen
887 2953 940 3017 hic
962 2955 1103 3020 indicari
1126 2953 1297 3019 didascali-

178 3080 253 3122 cum
269 3077 334 3143 quo
351 3055 391 3120 de
407 3078 516 3120 rerum
537 3040 680 3145 rogitasse
696 3064 815 3120 natura
830 3055 938 3118 Varro
954 3058 1068 3139 egerit,
1085 3079 1204 3141 graues
1221 3078 1299 3120 sane

177 3157 400 3224 dubitationes
416 3148 587 3246 Roeperuq
601 3156 622 3223 l.
636 3181 663 3223 c.
679 3157 844 3241 mouit¹)),
867 3164 976 3220 tamen
990 3158 1078 3222 unde
1093 3158 1164 3245 quis
1189 3156 1297 3222 solas

177 3269 306 3325 saturas
329 3258 521 3344 Menippeas
544 3281 650 3346 nque
679 3257 744 3322 alia
766 3258 823 3322 illa
844 3269 1013 3344 praeterea
1041 3282 1124 3345 quae
1147 3259 1298 3323 uersibus

176 3362 284 3427 Varro
308 3365 489 3446 composuit
511 3359 568 3428 Cn
626 3359 660 3424 ni
688 3360 723 3422 in
745 3369 887 3424 mentem
914 3360 1045 3424 uenisse
1073 3361 1143 3424 iure
1171 3358 1298 3424 conclu-

178 3461 254 3526 dere
277 3463 400 3548 possit,
430 3461 580 3548 equidem
603 3462 724 3527 neseio.
770 3460 910 3547 Scripsit
932 3462 1018 3525 enim
1041 3461 1165 3542 Varro,
1193 3471 1231 3524 ut
1257 3481 1299 3523 ex

177 3563 373 3650 Hieronymi
396 3561 545 3647 catalogo
568 3563 636 3628 eius
659 3548 817 3627 librorum
837 3563 990 3627 nouimus
1019 3563 1076 3647 (cf.
1100 3559 1298 3626 Ititschelius

177 3688 261 3738 mus.
278 3664 392 3751 philol.
410 3665 481 3728 XII
497 3674 557 3735 147
574 3665 672 3750 sqq),
696 3674 827 3750 praeter
850 3671 1051 3750 ‘satyrarum
1072 3665 1299 3750 menipparum

179 3758 434 3854 (menyppurum
463 3766 534 3830 cod.
559 3766 746 3852 Atrebat.)'
776 3765 877 3832 libros
906 3766 961 3830 CL
985 3767 1084 3830 otiam
1112 3779 1300 3854 poematum

252 4057 278 4123 1)
298 4056 409 4108 Etenim
428 4058 451 4107 si
474 4057 506 4108 de
530 4057 582 4108 tali
607 4056 728 4108 carmine
751 4057 928 4124 cogitandum
952 4061 1039 4122 esset,
1062 4059 1139 4122 iungi
1161 4061 1300 4122 oporteret

180 4141 231 4193 illa
250 4143 336 4192 ‘omni
348 4142 406 4191 fere
420 4146 543 4192 numero’
562 4144 624 4192 uoci
643 4143 781 4207 ‘elegans’
802 4147 829 4191 et
843 4144 978 4208 explicari
996 4144 1081 4192 ‘omni
1098 4143 1157 4192 tere
1171 4141 1299 4203 ratione’;

180 4225 362 4277 offensionem
381 4241 447 4275 uero
467 4227 557 4289 qualis
577 4229 682 4278 inesset
699 4227 783 4276 uerbo
804 4228 886 4277 ‘fere'
905 4232 987 4276 utne
1007 4227 1177 4277 leuissimum
1191 4225 1300 4289 quidem

180 4311 300 4362 Varroni
324 4309 437 4359 adderet
465 4310 627 4362 Ciceronem
656 4312 738 4361 anxis
767 4325 878 4362 curasse
908 4327 941 4360 ex
969 4309 1095 4375 epistulis
1119 4311 1153 4359 ad
1177 4311 1299 4362 Atticum

181 4395 251 4446 satis
269 4408 407 4460 superque
426 4394 562 4446 docemur.
