3274 5296
210 461 211 464 ‘
317 459 360 522 34
790 461 919 518 curvo
941 406 967 516 ι’

316 626 494 692 liberorum
516 624 761 705 educationem,
790 624 883 688 seriis
905 622 1017 686 uerbis
1046 621 1094 686 ita
1116 621 1265 685 uidemus
1289 621 1435 702 tractari,
1474 671 1476 676 .

316 739 353 794 ut
368 726 523 814 pleraque
545 725 580 789 in
593 727 667 812 ipsa
690 748 725 790 re
740 735 923 806 uersentur,
946 722 1112 789 nonnullis
1128 723 1280 810 exempla
1295 723 1434 788 afferan-

316 842 371 896 tur
403 827 511 915 qualia
542 838 680 913 possunt
713 826 777 890 dici
808 827 975 891 historica.
1032 825 1071 888 In
1104 848 1168 911 quo
1199 823 1436 890 sermocinandi

316 931 456 1014 uestigia
478 928 678 995 Ritschelius
705 927 814 1004 indice
842 952 867 992 s.
890 926 956 993 adl.
979 950 1011 1013 p.
1036 926 1106 991 XII
1129 949 1178 1014 sq.
1207 926 1434 1013 deprehendit,
1517 967 1521 970 <

316 1033 477 1098 actionem
510 1043 620 1096 autem
647 1053 705 1117 per
732 1029 854 1096 librum
877 1040 1062 1094 saturarum
1085 1028 1181 1093 modo
1210 1029 1435 1094 continuatam

315 1157 381 1200 non
408 1133 712 1198 animaduertimus.
762 1130 825 1196 Hic
852 1132 968 1196 modus
995 1129 1102 1195 ualuit
1117 1131 1228 1196 'etiam
1255 1130 1289 1192 in
1316 1127 1434 1194 libellis

314 1235 503 1302 Heraclidis
524 1234 663 1317 Pontici,
687 1257 782 1321 quern
797 1233 956 1298 Varronis
979 1233 1014 1295 in
1034 1232 1230 1317 logistoricis
1254 1230 1433 1296 scribendis

316 1348 482 1402 auctorem
504 1335 607 1400 fuisse
630 1335 799 1400 Ciceronis
823 1333 983 1421 epistulae
1005 1345 1073 1398 tam
1096 1343 1209 1421 aperte
1233 1333 1370 1416 docent,
1397 1341 1434 1398 ut

315 1462 380 1504 non
402 1439 508 1524 possit
530 1460 604 1501 curn
619 1435 805 1502 vRitschelio
828 1434 849 1500 l.
873 1458 900 1500 c.
925 1459 958 1523 p.
982 1445 1042 1506 542
1067 1433 1220 1499 dubitari.
1264 1434 1326 1500 Ille
1349 1435 1434 1499 enim

317 1541 430 1605 Attico
455 1563 513 1604 suo
537 1561 567 1602 a.
591 1547 652 1608 710
680 1539 832 1625 promisit
849 1537 951 1624 (epp.
976 1536 1019 1601 ad
1041 1537 1111 1602 Att.
1125 1536 1202 1600 ,XV
1224 1545 1265 1606 27
1273 1589 1282 1620 ,
1306 1537 1340 1623 2)
1370 1541 1434 1600 ‘err-

315 1649 427 1706 onaan
451 1647 570 1720 aliquia
595 1630 863 1722 Ἡρακλειλεῑον,
892 1644 976 1718 qaod
999 1645 1094 1703 lateat
1119 1645 1152 1702 ἑκ
1172 1643 1433 1712 thesauris·tar's';

315 1744 448 1830 repetiit
470 1741 667 1829 promissum
690 1764 764 1828 epp.
787 1739 873 1804 XVI
897 1749 926 1821 2,
951 1752 969 1810 5
993 1730 1273 1824 “Hecateidator,
1289 1748 1318 1805 ri
1331 1745 1433 1805 Bran-

317 1851 425 1910 dr'sr'nrn
445 1850 539 1922 salai,
564 1850 758 1908 adoriemar'
783 1851 816 1906 et
838 1865 878 1906 ne
901 1841 981 1928 quId
1004 1841 1141 1906 dubium
1164 1843 1222 1924 sit,
1253 1865 1327 1928 epp.
1351 1842 1435 1906 XVI

317 1957 346 2030 3,
372 1961 387 2015 1
411 1947 544 2010 initiam
567 1946 666 2009 etiam
689 1942 814 2030 opellae
837 1944 947 2030 posuit
970 1950 1063 2024 ‘qaod
1083 1965 1157 2008 aero
1170 1949 1278 2008 scribis
1292 1955 1322 2008 te
1337 1951 1435 2022 κιογίε

316 2059 346 2112 οι
366 2055 463 2126 mauis
492 2053 640 2134 delectare·
670 2048 707 2108 ‘O
730 2049 844 2123 Τιίοει·
867 2052 942 2124 qaia
962 2052 1054 2125 oao’,
1079 2067 1172 2124 onyas
1190 2052 1265 2110 κιιλιι·
1282 2051 1436 2110 scribendi

316 2142 531 2214 alacritatem'.
577 2149 640 2212 Est
666 2147 769 2231 igitur
791 2145 873 2210 Cato
903 2146 943 2210 de
972 2156 1153 2230 senectute,
1188 2169 1285 2233 quem
1312 2147 1433 2213 librum

311 2242 564 2336 Ἡρακλειδεῐον
591 2249 705 2314 Cicero
735 2248 888 2338 appellat.
934 2249 1035 2312 Breui
1063 2259 1173 2314 autem
1201 2259 1299 2313 antea
1327 2250 1432 2314 Varro

314 2355 386 2440 ipse
416 2353 584 2435 Ciceroni,
616 2360 654 2414 ut
681 2369 740 2436 pro
768 2347 1042 2414 Academicorum
1073 2372 1207 2415 munere
1234 2361 1309 2435 grat
1310 2373 1365 2415 um
1398 2373 1433 2414 se

314 2455 503 2542 praeberet,
528 2445 778 2535 Ἡροκλειδεῑον
800 2453 1052 2556 promiserat,c
983 2452 1076 2519 tc.f
1101 2475 1175 2539 epp.
1205 2451 1249 2516 ad
1271 2455 1342 2516 Aa.
1366 2451 1433 2516 XV

317 2566 403 2638 13,3
426 2562 594 2622 Varronis
616 2547 778 2636 διάλογον
799 2561 1041 2634 coapostolum
1054 2560 1153 2634 probo
1171 2545 1433 2634 Ηρακλειδεῑον,

310 2664 496 2739 praesertim
518 2679 584 2722 οιιοι
612 2668 644 2720 ιιι
666 2666 827 2735 tantopere
849 2663 1030 2730 delectere’;
1059 2656 1148 2741 quod
1177 2676 1251 2719 cum
1279 2654 1326 2718 illi
1349 2655 1434 2720 XVI

317 2770 374 2841 11,
404 2769 422 2830 3
455 2758 601 2824 nondum
627 2756 785 2821 traditum
814 2766 902 2821 esset
925 2759 948 2842 (‘
963 2764 1113 2822 'Varronis
1145 2795 1186 2804 -—
1208 2779 1228 2821 ο
1250 2779 1309 2840 qao
1331 2763 1433 2822 οοΙιιιο

309 2854 596 2944 Ηρακλειὸειον
583 2881 593 2922 ι
594 2864 661 2923 llud
682 2880 745 2924 non
771 2861 932 2944 abstuliss)
962 2870 1077 2946 postea
1106 2881 1225 2944 magno
1252 2859 1374 2944 gaudio
1397 2881 1433 2922 se

315 2964 482 3056 accepisse
503 2970 616 3026 narrat
603 2961 682 3027 tib.
706 2961 792 3027 XVI
816 2969 854 3029 12
879 2965 930 3024 dc
947 2951 1183 3048 Ηρακλειδειηι
1213 2967 1361 3026 Varronis
1382 2983 1432 3026 ne·

219 3122 221 3132 ,
314 3077 366 3144 aot
368 3073 398 3130 r'a
354 3072 513 3129 t.salsa
550 3086 596 3128 me
617 3069 736 3143 quirem
759 3068 835 3126 nr'lrr'l
856 3084 987 3142 ananam
1009 3070 1053 3127 sr'c
1075 3060 1293 3146 aelectooa1).’
1329 3053 1429 3178 Ἡγο-

271 3185 274 3194 ·
315 3167 481 3230 κλειδεϊον
508 3166 611 3256 igitur
638 3187 713 3229 cum
736 3163 818 3229 Cato
843 3163 884 3228 de
906 3175 1041 3229 senectu
1019 3165 1156 3245 utesit,
1187 3186 1325 3250 cumque
1348 3165 1431 3228 eius·

315 3269 390 3334 dem
411 3269 540 3354 generis
563 3289 663 3354 opera
677 3267 859 3332 Varronem
881 3265 1054 3352 scripsisse
1077 3265 1248 3330 audiamus
1272 3266 1431 3331 eiusdem-

315 3393 377 3456 que
405 3371 533 3456 generis
561 3368 791 3457 inscriptiones
820 3367 1043 3432 Varronianus
1077 3391 1151 3432 cum
1184 3367 1363 3433 habeamus
1396 3368 1431 3431 in

313 3472 511 3556 logistoricis
535 3479 695 3554 seruatas,
719 3469 799 3556 quid
821 3469 953 3534 facilius
976 3469 1142 3556 colligitur
1164 3492 1262 3555 quam
1282 3469 1333 3533 his
1357 3491 1430 3556 ope-

313 3574 405 3639 ribus
434 3573 644 3650 Heraclidem
678 3595 751 3637 eum
783 3594 855 3636 esse
885 3571 1072 3637 imitatum?
1128 3571 1233 3653 Quem
1262 3571 1430 3656 Diogenes

313 3674 464 3738 Laertius
488 3674 520 3738 V
536 3684 575 3745 89
598 3676 646 3739 ita
669 3674 842 3739 describit:
867 3674 954 3736 <ἔστι
977 3665 1009 3736 δ’
1034 3668 1124 3762 αὐτῷ
1146 3669 1202 3736 καὶ
1224 3671 1367 3755 μεσότης
1383 3695 1431 3746 τις

315 3766 488 3860 ὁμιλητικὴ
517 3771 718 3857 φιλοσόφων
751 3797 786 3838 τε
815 3771 870 3838 καὶ
899 3778 1129 3858 στρατηγικῶν
1162 3771 1219 3838 καὶ
1247 3775 1431 3838 πολιτικῶν

315 3873 452 3959 ἀνδρῶν
480 3870 564 3962 πρὸς
591 3870 757 3961 ἀλλήλους
787 3875 1036 3960 διαλεγομένων
1057 3915 1100 3924 -
1121 3915 1164 3928 —
1186 3868 1295 3950 ἄλλως
1316 3897 1352 3938 τε
1375 3871 1430 3938 κοιλ

314 3977 351 4042 ἐν
384 3975 487 4043 ἅπασι
518 3981 670 4054 ποικίλος
698 4000 734 4042 τε
761 3974 816 4042 καὶ
844 3975 1043 4063 διῃρημένος
1070 3970 1130 4060 τὴν
1158 3974 1248 4054 λέξιν
1276 3973 1346 4039 ἐστὶ
1376 3972 1431 4040 κοιλ

313 4091 527 4165 ψυχαγωγεῖν
542 4081 663 4156 ἱκανῶς
679 4080 891 4163 δυνάμενος]
926 4079 1021 4161 Quae
1037 4081 1146 4144 omnia
1167 4081 1202 4143 in
1217 4079 1427 4164 logistoricos

338 4305 342 4316 ’
401 4322 428 4388 1)
446 4323 527 4372 Hunc
545 4322 645 4372 librum
666 4323 752 4372 fuisse
777 4321 896 4386 aliquem
919 4320 1094 4370 ‘Ciceronem
1112 4320 1145 4370 de
1165 4320 1334 4384 eloquentia’
1359 4318 1428 4368 ludi-

314 4405 421 4459 bundus
440 4409 499 4470 quir
517 4407 605 4471 possit
623 4407 756 4459 conicere.
