3246 5300
342 435 406 500 250
479 510 485 524 ὁ
710 444 744 500 Μ.
764 443 903 500 TEREN'II
928 444 1088 500 VARRONIS

839 606 961 672 XVIII

427 711 447 788 Τ
469 707 615 772 Fortuna
637 731 672 772 se
698 706 772 774 illos
795 731 861 773 non
889 701 1008 773 natdra
1034 717 1218 794 praestare,
1248 709 1376 796 siquid
1405 710 1459 773 his

341 808 454 872 datum
477 811 519 873 sit
542 796 752 874 esculentum.

379 1095 385 1106 ι
424 1013 507 1078 Mihi
529 1035 631 1100 puero
654 1013 785 1081 modica
806 1037 872 1078 una
900 1013 964 1078 fuit
992 1014 1103 1079 tunica
1131 1023 1163 1078 et
1190 1024 1284 1098 toga,
1313 1016 1383 1080 sino
1406 1016 1457 1079 fa-

340 1114 422 1179 sceis
446 1113 681 1198 calceamenta,
710 1138 788 1181 ecus
814 1116 885 1180 sino
907 1115 1059 1204 ephippio
1066 1165 1075 1198 ‚
1099 1115 1252 1182 balneum
1278 1138 1344 1182 non
1364 1119 1458 1183 cotti·
1513 1197 1516 1200 Ι

340 1216 488 1297 dianum,
511 1215 624 1281 alueus
647 1239 753 1283 rarus.

423 1420 491 1484 Alii
517 1420 565 1484 ita
595 1429 671 1484 sunt
704 1421 913 1487 circumtonsi
948 1431 980 1488 ct
1007 1422 1084 1512 terti
1113 1430 1210 1509 atque
1243 1421 1386 1504 unctuli‚
1420 1432 1458 1487 ut

253 1547 255 1552 ·
338 1523 508 1608 mangonis
532 1545 604 1588 esse
626 1521 801 1589 uideantur
822 1523 919 1588 serui.

855 1642 942 1709 XXI

423 1744 539 1830 Itaque
556 1745 754 1809 Ambraciae
774 1745 913 1830 primum
933 1743 1085 1832 capillum
1100 1745 1260 1832 puerilem
1275 1745 1454 1832 demptum,

337 1847 416 1912 item
439 1847 541 1912 cirros
565 1845 606 1911 ad
631 1845 816 1933 Apollinem
837 1869 957 1932 ponere
980 1847 1096 1913 solent.

843 1965 949 2032 XXII

421 2068 686 2135 Remotissimum
709 2069 751 2133 ad
774 2068 968 2134 discendum
990 2068 1128 2134 formido
1153 2092 1191 2134 ac
1213 2069 1334 2133 nimius
1357 2069 1454 2134 timor

339 2180 371 2235 et
394 2170 498 2235 omnis
521 2171 725 2257 perturbatio
756 2171 872 2252 animi3
902 2181 1016 2235 contra
1045 2168 1217 2236 delectatio
1246 2169 1389 2257 protelat
1411 2170 1453 2234 ad

338 2271 541 2337 discendum.
1181 2267 1185 2273 ’

833 2369 958 2457 rimu

420 2493 495 2558 Non
517 2491 622 2557 solum
644 2493 698 2579 qui
721 2495 845 2579 pumus
873 2493 907 2557 in
935 2492 1095 2559 alterutra
1122 2516 1157 2556 re
1186 2502 1332 2579 praestet
1358 2492 1449 2574 alios,

337 2594 395 2660 sed
418 2596 517 2659 etiam
540 2595 596 2681 qui
619 2595 662 2660 sit
685 2596 847 2660 secundus
871 2603 904 2659 et
927 2595 1054 2661 tertius.

422 2831 554 2914 Omnia,
577 2833 725 2919 inquam,
747 2833 781 2896 in
804 2833 959 2898 docendis
982 2832 1107 2920 pueris,
1132 2856 1216 2920 quae
1232 2835 1366 2919 dempta
1388 2855 1450 2896 non

336 2933 511 3020 prohibent
532 2956 646 3000 uerum
670 2936 790 3000 bonum
813 2935 900 3015 lieri,
924 2934 1102 3000 mediocria
1125 2945 1210 2998 sunt.

843 3071 945 3135 XXV

420 3171 540 3237 Omnes
576 3171 663 3236 enim
692 3174 752 3272 'qui
791 3171 942 3238 locuntur
982 3173 1103 3238 habere
1138 3173 1259 3237 debent
1293 3173 1449 3260 quosdam

338 3272 450 3340 melos.

835 3376 955 3442 XXVI

417 3476 530 3542 Melos.
546 3476 685 3543 alterum
707 3481 743 3543 in
764 3478 914 3544 cantibus
939 3487 988 3543 cst
1008 3479 1217 3567 bipertitum3
1241 3501 1342 3543 unum
1366 3481 1448 3565 quod

334 3588 385 3644 est
406 3580 441 3643 in
464 3602 540 3643 assa
562 3601 659 3660 uoce,
683 3578 822 3646 alterum
844 3579 931 3667 quod
953 3590 1075 3646 uocant
1098 3580 1287 3665 organicon.

824 3698 962 3764 XXVII

417 3801 538 3865 Persae
560 3811 695 3886 propter
717 3801 968 3868 exercitationes
991 3799 1126 3887 puerilis
1148 3800 1292 3867 modicas
1317 3824 1354 3867 eo
1376 3811 1450 3866 sunt

332 3991 427 4042 XVIII
439 3991 543 4041 Nouius
558 3991 606 4041 108
619 4005 640 4041 s.
654 4004 680 4038 u.
700 3990 887 4044 Eseulentum.
908 3991 1065 4043 fortunas
1084 4007 1118 4041 se
1132 3990 1210 4043 Leid.
1263 3992 1328 4042 XIX
1347 3992 1450 4042 Nonius

334 4060 382 4109 108
395 4073 417 4111 s.
429 4073 455 4111 u.
478 4059 655 4124 Ephippium.
684 4059 905 4109 calciamenti
923 4060 955 4111 N.
1008 4059 1058 4108 XX
1078 4059 1182 4109 Nouius
1202 4060 1250 4110 179
1269 4075 1290 4109 s.
1310 4074 1335 4110 u.
1356 4061 1451 4110 Terta.

332 4124 383 4190 ita]
403 4130 437 4176 ta
455 4127 479 4176 N
497 4128 650 4192 magonis
668 4127 693 4176 N
745 4127 809 4178 XXI
827 4128 931 4177 Nonius
950 4129 983 4178 94
995 4143 1017 4180 a.
1036 4142 1062 4178 u.
1083 4125 1184 4180 cirros.
1247 4128 1328 4178 XXII
1347 4128 1451 4178 Nonius

332 4197 381 4245 363
394 4210 416 4244 a.
429 4211 455 4245 u.
474 4194 627 4244 Protelare.
647 4195 746 4244 nimis
759 4196 783 4245 N
801 4195 971 4260 proteloN
990 4193 1209 4258 disce(n)dunt
1227 4196 1250 4244 N
1291 4195 1385 4247 XXIII
1400 4197 1453 4246 No-

332 4264 394 4312 nius
412 4265 460 4312 502
478 4262 588 4312 datiuus
605 4278 654 4328 pro
674 4262 798 4314 ablatiuo
817 4264 851 4328 l?)
910 4263 1000 4313 XXIV
1017 4263 1121 4313 Nonius
1142 4265 1192 4312 520
1213 4279 1234 4312 s.
1253 4279 1280 4312 u.
1304 4263 1453 4317 Modestia.

334 4330 496 4394 quaedam
519 4335 554 4379 ta
577 4329 669 4382 Guelf.
693 4331 882 4382 mediocria
900 4331 1033 4380 modica
1058 4336 1136 4381 sunt
1157 4331 1190 4381 N.
1253 4331 1329 4380 XXV
1345 4331 1454 4382 Nonius

334 4399 382 4447 213
396 4413 417 4447 s.
431 4413 456 4449 u.
476 4398 574 4448 Melos.
594 4398 777 4465 loquuntur
796 4401 830 4448 W
848 4398 1002 4450 debeant
1019 4399 1051 4451 N.
1105 4398 1195 4450 XXVI
1214 4399 1319 4450 Nonius
1338 4402 1370 4450 77
1389 4417 1411 4452 a.
1427 4417 1454 4454 u.
