3274 5296
743 1249 914 1362 cucur
946 1285 986 1359 11

391 1489 598 1556 Periculosae
620 1489 753 1577 plenum
774 1510 856 1574 opus
880 1487 971 1552 aleae
994 1509 1068 1551 cum
1089 1506 1177 1550 nunc
1199 1485 1233 1548 in
1254 1506 1306 1548 me
1321 1484 1421 1548 susci-

305 1595 409 1681 piam,
441 1601 478 1656 ut
504 1599 579 1655 utra
607 1600 795 1655 saturarum
822 1588 964 1654 frustula
990 1589 1087 1654 hodie
1116 1587 1262 1653 extantia
1284 1586 1421 1673 poetice,

305 1706 381 1761 utra
402 1692 547 1780 pedestri
570 1693 711 1757 sermoni
733 1691 952 1757 adscribenda
974 1691 1051 1773 sint,
1074 1712 1140 1755 non
1162 1711 1261 1754 sensu
1283 1688 1423 1774 quodam

307 1795 425 1860 ductus
449 1794 540 1858 uario
565 1803 598 1858 et
619 1792 784 1876 instabili,
808 1795 867 1858 sed
890 1794 988 1858 certis
1011 1791 1229 1858 ratiocinandi
1250 1789 1422 1876 praesidiis

306 1905 402 1962 utens
427 1895 469 1960 ad
490 1896 588 1959 finem
611 1905 770 1982 quantum
795 1897 921 1981 possim
943 1895 1137 1982 perducam,
1166 1916 1264 1979 quam
1287 1891 1424 1957 arduam

307 2009 340 2064 et
363 1996 533 2062 difficilem
555 2020 624 2062 rem
646 1996 821 2083 aggrediar
834 1998 906 2084 ipse
920 1995 1068 2082 profecto
1083 1994 1173 2060 haud
1187 1997 1313 2080 ignoro.
1348 1994 1422 2059 Scio

307 2099 450 2187 quidem,
473 2099 547 2185 ipsa
567 2122 603 2163 re
627 2099 872 2164 excusationem
893 2098 973 2163 mihi
996 2121 1068 2163 esse
1090 2105 1251 2185 paratam,
1272 2119 1346 2161 cum
1369 2096 1425 2182 qui

307 2202 432 2289 primus
461 2223 530 2265 rem
560 2201 702 2289 aliquam
734 2199 912 2267 inlustrare
940 2201 1093 2288 incipiat,
1128 2222 1202 2263 eum
1229 2220 1294 2263 non
1316 2198 1425 2265 omnia

308 2304 420 2368 statim
451 2313 538 2368 recte
569 2301 808 2388 persoluturum
837 2324 910 2366 esse
938 2325 1050 2368 omnes
1079 2313 1112 2367 et
1140 2301 1246 2366 sciant
1275 2308 1307 2365 et
1333 2301 1425 2385 igno-

308 2414 415 2488 scant3
440 2405 546 2489 magis
570 2414 678 2470 autem
700 2403 777 2469 inde
799 2406 907 2468 animo
928 2403 1048 2486 firmor,
1073 2405 1160 2490 quod
1180 2404 1309 2468 uiarum
1329 2423 1424 2489 quas-

308 2529 435 2593 cunque
470 2507 580 2593 aliqua
608 2529 681 2570 cum
715 2504 859 2571 utilitate
893 2507 970 2571 iniri
1002 2527 1099 2592 posse
1133 2505 1279 2591 speraui,
1307 2519 1425 2568 'earum

308 2607 432 2673 nullam
454 2609 683 2694 intemptatam
705 2608 837 2692 reliqui,
867 2607 926 2671 sed
954 2631 1031 2674 suos
1060 2630 1104 2672 ex
1125 2607 1275 2673 omnibus
1298 2605 1424 2672 inuictus

310 2711 342 2795 (e
365 2708 563 2795 quibusdam
585 2719 695 2773 tamen
717 2707 823 2773 nullos
831 2709 878 2796 1))
907 2709 1030 2774 rettuli.
1075 2710 1186 2791 Quare
1208 2709 1264 2790 fit,
1292 2718 1330 2774 ut
1352 2706 1424 2772 aliis

308 2819 384 2898 post
404 2833 456 2874 me
480 2810 609 2894 singula
630 2833 696 2875 non
718 2810 873 2875 defutura
902 2813 1051 2894 credam,
1080 2833 1164 2898 quae
1191 2809 1306 2875 melius
1333 2809 1425 2874 insti-

309 2921 414 2993 tuant,
437 2912 473 2975 in
494 2912 684 2976 uniuersum
701 2920 809 2977 autem
824 2933 913 2977 meas
936 2913 1081 2978 rationes
1104 2913 1278 2999 probatum
1299 2911 1340 2975 iri
1360 2933 1426 2978 non
1514 2951 1518 2956 -

309 3014 379 3078 sine
401 3012 466 3077 fide
490 3036 626 3099 sperem,
650 3037 847 3101 quamquam
870 3015 1023 3098 omnium,
1046 3015 1103 3101 qui
1118 3014 1226 3079 adhuc
1247 3013 1331 3078 hanc
1353 3035 1426 3100 pro·

308 3114 452 3178 uinciam
480 3115 658 3193 intrarunt,
687 3138 788 3180 unum
810 3115 1046 3181 Buechelerum
1068 3117 1103 3179 in
1125 3116 1172 3180 eis
1196 3138 1279 3202 quae
1302 3115 1426 3202 passim
1486 3137 1489 3142 ·

310 3215 434 3281 dehac
457 3239 492 3280 re
514 3216 547 3280 in
570 3240 654 3282 mus.
678 3217 792 3303 philol.
815 3217 901 3283 XIV
924 3226 1092 3288 419-452
1115 3217 1280 3296 disseruit,
1302 3225 1426 3281 rectam

308 3317 397 3382 uiam
429 3317 543 3382 iniisse
576 3328 608 3384 et
639 3317 831 3406 plerumque
863 3342 1014 3408 seruasse
1050 3318 1157 3384 uideo.
1220 3317 1320 3383 Nulla
1346 3340 1425 3384 uero

310 3419 483 3504 (namhoc
507 3443 635 3507 quoque
657 3420 933 3507 praemittendum
955 3421 1018 3506 est)
1042 3420 1104 3485 hoc
1127 3420 1233 3507 capite
1255 3442 1329 3485 cum
1344 3419 1426 3486 Roe-

396 3590 422 3659 1)
441 3593 516 3642 Nihil
535 3608 560 3642 e.
580 3609 605 3643 c.
624 3593 692 3643 illud
709 3594 787 3645 ualet
805 3593 876 3657 quod
894 3592 1083 3644 Buechelerus
1105 3593 1123 3645 l.
1144 3609 1167 3644 c.
1186 3610 1212 3658 p.
1230 3595 1281 3644 432
1305 3592 1426 3656 adhibet,

309 3678 466 3741 ubicunque
491 3676 642 3728 alliteratio
666 3694 735 3744 quae
755 3679 857 3729 dicitur
879 3679 1031 3740 inuenitur,
1055 3679 1240 3743 fragmentum
1263 3675 1364 3742 metris!
1380 3676 1426 3727 de·

310 3760 484 3813 scribendum
509 3777 579 3814 csse.
614 3762 717 3827 Aperte
741 3763 813 3812 enim
836 3764 965 3828 proseria
989 3778 1050 3814 esse
1074 3763 1287 3829 esequentibus
1306 3761 1428 3814 elucebit

310 3848 407 3911 Longe
431 3845 490 3911 fug.
509 3861 534 3910 q.
554 3860 576 3896 s.
595 3847 614 3899 f.
635 3846 674 3912 fg.
694 3847 734 3907 11,
758 3848 834 3896 Man.
854 3847 892 3915 fg.
912 3847 991 3912 XIX,
1015 3849 1136 3914 Κοσμοτ.
1160 3848 1199 3914 fg.
1219 3848 1246 3912 I,
1276 3849 1306 3897 in
1329 3847 1427 3912 quibus

311 3935 446 3996 quaterna
463 3931 549 3980 uerba
569 3929 672 3981 eisdem
689 3931 780 3983 literis
799 3933 960 3998 incipientia
977 3948 1007 3982 se
1021 3933 1171 3999 excipiunt.
1202 3932 1330 3983 Seuerior
1342 3933 1428 3982 etiam

312 4031 372 4078 ero,
393 4031 473 4080 qnam
492 4015 550 4080 qui,
571 4014 641 4080 quod
659 4015 707 4066 ille
727 4016 797 4067 facit
813 4034 841 4082 p,
859 4020 919 4070 432.
938 4020 1000 4082 434,
1021 4019 1058 4070 cf.
1076 4017 1218 4069 Vahlenus
1238 4018 1320 4068 conii.
1340 4034 1366 4083 p.
1384 4018 1427 4069 40.

312 4102 379 4159 109.,
405 4099 569 4164 fragmenta,
590 4102 655 4165 quia
679 4100 743 4152 aliis
762 4118 833 4167 quae
851 4103 977 4153 uersibus
995 4103 1098 4153 fuerint
1117 4103 1268 4168 composita
1285 4104 1315 4152 in
1333 4105 1428 4153 sature

311 4184 407 4232 uicina
425 4183 512 4233 fuisse
532 4183 692 4250 uideantur,
720 4186 815 4236 itidem
833 4189 861 4236 in
879 4191 967 4238 metra
985 4188 1123 4253 redigam:
1149 4203 1199 4253 ego
1223 4188 1315 4254 potius
1332 4199 1428 4236 unam·

312 4282 447 4332 quamque
467 4270 632 4319 sententiam
653 4286 685 4320 ex
704 4286 733 4321 se
752 4275 813 4337 ipsa
832 4271 1037 4324 diiudicandum
1056 4273 1085 4322 in
1098 4273 1213 4339 ipsaque
1233 4271 1427 4324 inueniendnm

312 4351 384 4415 quod
403 4366 451 4400 suo
471 4367 531 4402 eam
550 4356 669 4404 sermoni
689 4355 807 4415 tribuat,
825 4358 908 4408 unice
927 4361 1033 4408 rectum
1053 4359 1081 4407 et
1099 4357 1167 4408 utile
1186 4357 1312 4408 arbitror.
